1846 3216
783 167 864 194 Lm.
885 168 965 195 1111.
986 167 1018 193 12
1582 153 1663 198 177

254 289 354 317 uoce
385 289 485 328 quos
514 277 677 318 reddas:
708 278 940 319 minuentur
970 283 1079 319 atrae
1243 270 1245 272 ¹
1610 284 1663 325 35

311 352 485 391 carmine
515 363 646 391 curae.

856 527 947 566 XII

251 605 334 645 Iam
364 606 472 645 ueris
502 607 678 651 comites,
712 617 814 657 quae
844 618 954 645 mare
984 610 1219 658 temperant,

250 678 460 731 impellunt
490 680 642 719 animae
671 678 794 718 lintea
823 678 1034 723 Thraciae:
1074 695 1079 700 ’

249 752 327 791 iam
356 764 430 791 nec
459 756 573 804 prata
600 753 743 804 rigent,
775 765 850 792 nec
879 753 992 792 fluuii
1020 757 1204 806 strepunt

306 824 474 865 hiberna
502 827 595 866 niue
627 826 784 878 turgidi.

248 897 385 938 nidum
414 900 527 951 ponit
555 900 642 952 Ityn
672 899 858 939 flebiliter
888 912 1053 952 gemens
1634 909 1659 947 5

248 971 386 1011 infelix
415 973 500 1012 auis
531 977 571 1012 et
600 973 814 1025 Cecropiae
844 973 986 1013 domus

250 1050 458 1085 aeternum
489 1045 763 1098 obprobrium,
797 1047 902 1098 quod
933 1047 1035 1088 male
1065 1047 1255 1088 barbaras

303 1130 445 1170 regum
476 1125 536 1159 est
565 1119 646 1159 ulta
675 1120 871 1160 libidines.

247 1192 383 1232 dicunt
410 1194 452 1232 in
483 1198 622 1233 tenero
652 1195 831 1245 gramine
859 1195 1067 1246 pinguium

246 1265 432 1306 custodes
463 1268 598 1306 ouium
628 1268 805 1307 carmina
835 1260 963 1307 fistula
1087 1274 1090 1277 '
1610 1275 1662 1314 10

246 1338 523 1391 delectantque
553 1322 684 1386 deum,
717 1341 781 1380 cui
808 1353 932 1393 pecus
963 1346 1002 1380 et
1030 1342 1135 1393 nigri

304 1400 426 1452 colles
455 1413 645 1454 Arcadiae
675 1413 844 1466 placent.

246 1485 451 1526 adduxere·
476 1488 582 1526 sitim
610 1491 803 1541 tempora,
836 1488 996 1540 Vergili.

249 1559 319 1599 sed
347 1572 533 1612 pressum
564 1560 722 1601 Calibus
752 1561 900 1602 ducere
930 1562 1119 1602 Liberum

184 1630 187 1631 ⁷
245 1633 278 1672 si
307 1635 441 1684 gestis,
472 1635 664 1679 iuuenum
693 1635 886 1675 nobilium
917 1635 1052 1682 cliens,
1607 1642 1660 1682 15

293 1707 424 1747 nardo
453 1709 547 1748 uina
576 1708 799 1748 merebere.

130 1814 402 1844 TESTIMONIA.

221 1861 265 1892 35
289 1868 342 1901 sq.
369 1859 418 1894 ef.
436 1859 649 1893 Nemesian.
675 1859 794 1903 eclog.
818 1861 854 1902 4,
880 1861 942 1893 19:
966 1859 1119 1903 ‘cantet,
1146 1863 1247 1894 amat
1271 1860 1369 1904 quod
1393 1862 1567 1904 quisque:
1593 1862 1659 1896 le-

127 1903 242 1936 uant
273 1907 317 1937 et
343 1906 544 1937 carmina
570 1906 721 1938 euras'

220 1949 296 1982 1111
320 1950 373 1983 12.
422 1951 440 1982 1
464 1960 603 1994 praem.
629 1950 859 1984 ‘duodecima
884 1950 962 1984 ode'
987 1951 1156 1988 Diomed.
1181 1953 1247 1986 527
1317 1954 1338 1985 2
1363 1952 1466 1986 Seru.
1493 1952 1540 1986 ad
1564 1953 1657 1987 Aen.

130 1994 148 2027 I
172 1995 228 2030 57.
253 1994 342 2028 VIII
365 1996 433 2029 403
459 1995 574 2029 schol.
597 1996 700 2030 Pers.
728 1997 760 2039 1,
786 1997 830 2029 14

128 2098 571 2195 VARZzsslllllffillss-mxwz
585 2147 668 2183 cod.
684 2143 929 2195 Bersmanni)
947 2157 1034 2193 opp.
1058 2147 1123 2184 Ac.
1212 2149 1256 2183 36
1275 2147 1522 2189 om.A1‚add.
1534 2149 1598 2185 alt.
1609 2161 1658 2186 m.

241 2197 337 2239 IIII
369 2197 432 2239 12.
491 2202 615 2239 VERIS
642 2202 895 2239 DESCRIPTIO
924 2202 1162 2250 (DESCRITIO
1183 2200 1217 2253 λ)
1244 2204 1329 2241 EST
1357 2205 1414 2241 AD
1433 2205 1661 2243 VIRGILIVM

129 2258 243 2304 QVOD
274 2257 445 2295 TEMPVS
471 2258 748 2296 MORTALIBVS
771 2256 828 2309 (IN
846 2259 987 2296 MORT:
1016 2258 1125 2309 ABy)
1154 2259 1238 2297 EST
1266 2257 1348 2309 (SIT
1370 2259 1420 2308 B)
1442 2261 1662 2299 GRATISSI-

126 2325 223 2362 MVM
243 2325 517 2375 (GRATISSIMV
537 2326 584 2375 λ).
612 2327 912 2364 PARAENETICE
934 2326 1219 2374 (PARAENTICE
1241 2328 1277 2364 B
1296 2329 1568 2366 PARANETICE
1589 2323 1656 2379 7ss

129 2382 416 2420 TETRACOLOS
445 2383 565 2433 ΑΒγλ
687 2384 743 2420 ΑΙ)
770 2384 994 2421 VIRGlLlVM
1023 2384 1230 2430 QVENDAM
1256 2385 1598 2423 VNGVENTARIVM
1628 2385 1665 2422 F

128 2439 245 2475 inser.
268 2450 338 2476 om.
361 2450 401 2475 ετ
517 2443 535 2476 1
560 2459 569 2468 -
592 2451 649 2476 am
668 2452 692 2489 y
752 2442 815 2489 qui
836 2451 866 2476 π
886 2439 968 2487 (sed
987 2441 999 2477 i
1019 2442 1060 2477 in
1080 2439 1175 2491 ras.)
1290 2446 1311 2477 2
1330 2442 1515 2491 inpellunt
1535 2443 1591 2478 Fr

129 2496 248 2543 anime
268 2506 314 2533 m
344 2497 454 2545 niuee
472 2507 520 2533 7152
576 2497 715 2534 linthea
737 2496 878 2534 lua-as.
939 2498 1071 2534 traciae
1091 2498 1128 2534 B
1161 2498 1318 2535 trhaciae
1338 2510 1365 2535 u
1452 2501 1473 2534 3
1494 2499 1566 2535 Iam
1587 2511 1660 2536 non

128 2557 231 2600 prata
250 2563 268 2588 ε
325 2552 449 2590 ssuuiis
469 2558 620 2602 trepunt
639 2565 660 2589 τ
712 2553 802 2590 fluui
831 2554 898 2589 Βπ
982 2556 1004 2589 5
1024 2554 1103 2602 ityn
1123 2554 1220 2604 ΑΒγ
1240 2555 1338 2602 Pph.
1370 2556 1438 2592 itin
1458 2555 1526 2592 Ac.
1559 2556 1660 2604 ithyn

129 2608 150 2643 λ
179 2609 252 2658 itys
273 2609 311 2645 F
336 2610 449 2647 bithis
470 2620 508 2646 ετ
529 2610 635 2659 ythin
655 2622 680 2646 u
702 2611 806 2659 ythin
826 2620 976 2646 nasas.
999 2611 1096 2659 ythis
1117 2620 1270 2658 πμναε.
1369 2614 1391 2648 6
1412 2613 1623 2659 caecropiae
1642 2622 1660 2646 ε

129 2698 324 2736 ceeropeae
343 2700 368 2738 γ
397 2690 577 2738 cicropiae
597 2701 623 2726 u
726 2692 746 2724 7
768 2668 869 2736 obbfi
887 2689 924 2724 B
1029 2691 1131 2738 quod
1149 2701 1167 2726 ε
1198 2702 1290 2739 quae
1308 2702 1336 2738 y
1413 2737 1415 2739 ι
1436 2691 1458 2724 8
1479 2690 1605 2737 Regni-1
1623 2690 1661 2726 B

212 2744 235 2778 9
254 2744 292 2780 in
311 2741 365 2795 tz]
387 2747 534 2794 integro
555 2757 575 2782 τ
690 2747 730 2780 11
752 2746 960 2783 Delectante
980 2756 1087 2793 παφ2
1106 2747 1348 2784 Delectantem
1367 2756 1436 2794 τφι
1456 2746 1660 2782 Delectant-

128 2809 202 2847 que
221 2804 256 2847 ψ
283 2801 547 2850 Delectantque
563 2802 585 2838 λ
687 2803 816 2851 nigrae
835 2813 861 2849 y
966 2804 1010 2837 12
1029 2803 1216 2840 archadiae
1236 2803 1364 2852 Fysvu
1471 2803 1514 2837 13
1536 2800 1659 2851 uirgili

128 2855 310 2906 Ργελπτα
367 2859 412 2892 14
431 2857 494 2895 Set
513 2869 553 2908 γι
622 2860 664 2894 15
685 2859 810 2908 elyens
834 2869 854 2894 τ
931 2860 975 2894 16
995 2857 1079 2895 bina
1101 2859 1137 2896 B
1211 2859 1408 2897 mereberis
1429 2857 1659 2896 Ρπταλιιαν.

199 2931 386 2955 nonA'mvs
402 2933 416 2954 1
436 2932 465 2955 ι.
886 2961 892 2967 1
1336 2921 1389 2962 12
