1858 3198
749 145 831 171 mn.
852 144 913 171 111.
936 145 1038 173 16—17
1569 127 1652 172 129

240 256 397 308 quando
428 261 468 295 et
496 256 653 308 priores
682 254 776 294 hine
805 254 961 294 Lamias
989 254 1125 293 rerunt

296 329 569 369 denominatos
599 333 640 368 et
667 332 858 380 nepotum

346 415 420 455 per
449 414 649 442 memores
676 412 803 452 genus
833 412 950 440 omne
980 401 1102 440 fastos

240 481 403 516 auctore
433 475 481 515 ab
511 475 580 514 illo
599 476 622 498 *
638 474 748 514 ducit
776 475 984 525 originem,
1626 480 1650 519 5

241 550 309 600 qui
338 549 587 588 Formiarum
617 548 774 587 moenia
803 547 948 587 dieitur

295 623 483 674 princeps
513 625 553 660 et
581 622 785 660 innantem
815 621 984 660 Maricae

347 695 530 734 litoribus
558 695 736 734 tenuisse
765 693 888 734 Lirim

241 768 319 808 late
348 773 559 821 tyrannus:
591 780 679 807 cras
709 767 814 807 foliis
842 779 984 807 nemus

239 841 374 881 multis
404 846 444 881 et
472 841 556 892 alga
587 840 680 880 litus
709 840 840 880 inutili
1599 846 1652 886 10

296 915 465 954 demissa
494 918 709 967 tempestas
739 913 787 953 ab
817 914 925 953 Euro

350 993 513 1034 sternet,
544 999 670 1039 aquae
699 988 776 1027 nisi
804 986 904 1026 fallit
934 998 1061 1039 augur

240 1047 395 1101 annosa*
419 1062 570 1101 cornix.
613 1061 707 1100 dum
736 1065 863 1113 potes,
895 1061 1049 1100 aridum

241 1147 438 1187 compone
466 1134 639 1185 lignum:
672 1147 760 1173 cras
790 1134 960 1174 Genium
990 1147 1102 1174 mero

297 1208 456 1248 curabis
487 1212 526 1247 et
554 1220 678 1260 porco
713 1207 921 1247 bimenstri
1602 1214 1652 1252 15

350 1294 440 1321 cum
470 1280 628 1321 famulis
657 1293 824 1333 operum
855 1280 1009 1320 solutis.
1080 1265 1084 1269 ⁴

131 1576 402 1605 TESTIMONIA.

130 1652 238 1684 quem
262 1643 301 1674 in
327 1643 551 1676 carminibus
578 1642 800 1685 alloquitur:
826 1641 962 1685 ‘A(e)li
985 1645 1135 1675 uetusto
1152 1660 1194 1666 —
1211 1642 1342 1675 Lamo'
1368 1642 1519 1687 schol-y
1545 1644 1653 1687 epist.

127 1687 145 1719 I
171 1689 225 1729 14,
251 1689 293 1722 16
413 1690 435 1721 3
459 1698 513 1730 sq.
556 1687 614 1720 ‘et
636 1690 811 1730 nepotum
828 1706 870 1710 -
888 1688 1023 1720 fastos’
1065 1688 1168 1720 Seru.
1195 1688 1241 1720 ad
1265 1689 1355 1721 Aen.
1379 1689 1452 1721 XII
1475 1690 1542 1722 530

126 1734 149 1765 4
174 1732 309 1776 ‘apud
331 1733 433 1766 Hor.
460 1733 692 1775 duplicem
722 1733 909 1765 inuenio
946 1733 1224 1775 scripturam
1260 1736 1303 1765 et
1327 1734 1481 1766 fastos
1518 1736 1560 1767 et
1583 1734 1654 1768 fa·

127 1780 225 1810 stus
256 1778 295 1809 in
317 1777 374 1810 ΠΙ
400 1779 621 1810 carminum:
660 1788 728 1820 per
756 1787 934 1809 memores
965 1788 1082 1819 genus
1106 1788 1211 1810 omne
1236 1778 1377 1819 fastos,
1409 1781 1447 1811 et
1470 1779 1592 1811 fastus
1616 1780 1655 1811 in

129 1822 215 1855 aliis
243 1822 452 1856 codicibus’
475 1823 593 1857 Prisc.
618 1822 670 1855 VI
693 1824 736 1855 72
843 1824 863 1855 7
889 1832 944 1864 sq.
970 1823 1028 1855 ‘et
1051 1823 1242 1855 innantem
1257 1841 1300 1845 —
1316 1823 1451 1855 Lirim’
1479 1823 1585 1856 Seru.
1610 1824 1656 1856 ad

126 1868 218 1902 Aen.
242 1867 314 1901 VII
335 1869 380 1901 47
474 1870 516 1901 12
541 1877 599 1910 sq.
622 1867 728 1901 ‘Hon
752 1867 792 1900 in
814 1867 871 1900 ΠΙ
895 1877 1026 1902 carm:
1050 1868 1126 1901 nisi
1141 1884 1188 1894 --
1204 1869 1348 1901 cornix’
1371 1869 1491 1902 Prisc.
1515 1869 1586 1903 VII
1610 1871 1656 1902 34

127 2095 257 2124 VARIA
274 2095 439 2123 an'rlo.

127 2157 440 2211 Porph,scli.kq>:
461 2175 483 2200 a
501 2160 624 2213 Lamo)
712 2176 777 2200 uu.
798 2166 899 2199 2—5
919 2165 991 2200 del.
1005 2164 1269 2201 Buttmannus
1290 2161 1504 2214 (mythology.
1524 2166 1553 2203 Π
1575 2166 1655 2216 366)

128 2222 268 2268 aliique
283 2222 472 2267 permulti
490 2221 568 2257 uiri
587 2221 794 2257 doctissimi
878 2224 900 2255 2
920 2220 1068 2257 seruunt
1087 2232 1112 2269 y
1196 2224 1220 2255 4
1247 2221 1363 2258 fastus
1383 2219 1653 2272 Επρν.χ(δρισ)

125 2278 226 2324 ΡρΙι.
275 2277 391 2315 fastos
410 2276 738 2326 ΑΒγλταςπεονν.
761 2277 827 2313 Ac.
850 2276 940 2313 Acr.
961 2281 997 2313 et
1015 2276 1122 2326 schy
1149 2276 1257 2325 βρεν-
1273 2277 1401 2326 fastos
1420 2283 1546 2315 autem
1566 2291 1657 2317 con-

127 2334 230 2371 sules
249 2335 332 2370 uult
348 2333 486 2380 accipi'
509 2330 726 2383 Acr.sch.y)
751 2332 912 2369 Seruius
997 2335 1018 2367 5
1038 2333 1232 2385 Auctoress
1253 2346 1278 2370 u
1366 2335 1468 2372 ducis
1490 2333 1533 2372 Ω.
1549 2336 1657 2386 sch.y

129 2390 229 2427 ducit
247 2390 295 2426 D.
307 2390 490 2427 Heinsius
505 2390 630 2427 Bentl.
642 2390 839 2436 Hauptius
852 2390 920 2425 alii
1002 2391 1024 2424 6
1050 2389 1269 2436 formiarum
1288 2390 1324 2427 A
1399 2393 1519 2428 menia
1539 2393 1600 2429 Au

128 2447 275 2483 ducitur
292 2458 317 2495 γ
404 2450 425 2481 7
454 2447 613 2483 inantem
633 2458 658 2495 y
749 2448 773 2482 8
801 2445 1003 2482 Littoribus
1024 2445 1108 2482 Αλα
1193 2447 1300 2496 lyrim
1318 2447 1411 2484 FvG
1495 2450 1518 2483 9
1547 2450 1658 2485 tiran-

129 2537 198 2562 nus
217 2525 252 2561 A
363 2527 407 2560 12
437 2506 540 2575 fallet
559 2531 606 2571 ψ,
627 2536 729 2562 corr.
752 2526 817 2562 alt.
839 2537 887 2560 m.
1004 2526 1048 2562 13
1075 2531 1184 2574 potes
1205 2524 1276 2571 Ως
1291 2526 1359 2564 Ac.
1382 2526 1472 2564 Aer.
1494 2532 1532 2564 et
1550 2528 1657 2577 sch.y

131 2580 306 2631 (interpr.
329 2581 613 2632 ‘permitteris-¹)
636 2581 735 2629 Pph.
785 2582 883 2631 potis
904 2591 951 2618 π2
960 2581 1516 2630 φαανψῖψιιαπμαείαεηείε
1537 2584 1657 2620 Grae-

130 2639 266 2674 vianus
285 2637 515 2686 Reyinensis
534 2650 558 2675 α
574 2639 705 2686 prima
727 2633 922 2688 manu[?])
946 2638 1071 2675 Bentl.
1102 2644 1227 2688 potest
1246 2635 1349 2688 χωρ)
1433 2638 1603 2676 'naridum
1624 2640 1658 2676 A

216 2712 261 2745 14
279 2711 454 2760 Conpone
472 2724 525 2761 γα
610 2698 712 2761 ligna
734 2724 766 2759 φ
793 2712 937 2759 liynum
956 2722 984 2749 u
1069 2714 1113 2747 15
1132 2724 1244 2761 porea
1261 2712 1399 2760 prk.
1431 2712 1484 2759 cf.
1496 2712 1658 2750 Seruius

131 2767 185 2803 ad
201 2766 339 2814 Ver-qil.
356 2769 451 2805 Aen.
470 2769 544 2806 Vlll
564 2770 650 2805 641:
679 2770 719 2804 in
740 2768 911 2805 omnibus
930 2768 1056 2804 sacris
1071 2768 1233 2816 feminei
1247 2770 1401 2817 yeneris
1416 2770 1508 2815 plus
1526 2770 1658 2806 ualent

132 2823 309 2859 uictimae
394 2823 558 2861 bimestri
579 2827 670 2871 πρῖπ
694 2825 791 2871 Pph.
882 2826 925 2858 16
944 2824 1072 2861 salutis
1094 2824 1126 2861 Β

203 2897 388 2919 HORA'I'IVS
409 2898 420 2919 1
444 2899 470 2920 1.
1360 2888 1386 2929 9
