1826 3184
666 171 748 197 mn.
767 170 795 196 1.
815 171 900 198 9-10
1497 150 1550 193 19

139 273 260 337 quem
292 286 375 324 fors
405 283 559 323 dierum
591 291 762 331 cumque
793 279 913 325 dabit,
944 278 1058 318 lucro

197 370 366 411 appone,
398 368 473 395 nec
503 354 631 394 dulcis
661 365 818 393 amores
1500 355 1552 394 15

249 442 393 483 sperne
423 441 524 482 puer
554 439 684 479 neque
714 432 758 467 tu
789 427 975 467 choreas:

142 505 269 545 donec
300 504 445 543 uirenti
474 503 637 542 canities
667 501 779 541 abest

142 590 313 623 morosa,
344 568 453 616 nunc
482 580 521 615 et
550 587 713 627 campus
744 579 783 613 et
812 586 929 614 areae

199 651 389 701 lenesque
419 648 493 689 sub
523 653 682 688 noctem
711 648 868 688 susurri

254 723 471 775 composita
500 726 734 774 repetantur
763 721 875 766 hora,
1503 720 1559 762 20

145 810 251 837 nunc
282 802 322 836 et
349 796 508 836 latentis
537 795 718 848 proditor
747 796 903 834 intumo

147 875 283 922 gratus
311 869 467 923 puellae
497 871 603 909 risus
633 868 682 908 ab
712 867 855 919 angulo

205 945 430 996 pignusque
460 943 669 994 dereptum
699 941 857 981 lacertis

259 1022 327 1057 aut
357 1017 477 1068 digito
507 1016 609 1056 male
638 1016 843 1068 pertinaci.

779 1208 823 1246 X

154 1288 340 1332 Mercuri,
372 1286 541 1326 facunde
570 1298 696 1337 nepos
725 1285 903 1330 Atlantis,

156 1362 224 1412 qui
252 1361 358 1400 seros
389 1359 519 1399 cultus
548 1358 753 1398 hominum
783 1363 990 1398 recentum

157 1446 255 1474 uoce
284 1434 465 1473 formasti
495 1438 605 1473 catus
636 1437 675 1471 et
706 1433 874 1472 decorae

247 1519 359 1547 more
389 1507 623 1559 palaestrae,

158 1586 197 1621 te
228 1593 377 1626 canam,
409 1582 542 1632 magni
572 1580 679 1620 louis
709 1586 749 1619 et
778 1579 944 1620 deorum
1547 1586 1572 1625 5

47 1730 315 1759 TESTIMONIA.

141 1798 183 1829 17
206 1805 262 1838 sq.
290 1794 426 1828 ‘donec
446 1813 486 1818 —-
503 1795 665 1827 morosa'
689 1795 825 1827 Donat.
853 1793 899 1826 ad
915 1794 1001 1827 Ter.
1026 1793 1150 1836 hecyr.
1176 1795 1231 1827 111
1256 1796 1289 1836 5,
1314 1795 1359 1827 28
1451 1796 1493 1827 21
1519 1805 1575 1837 sq.

49 1841 152 1875 Seru.
179 1841 226 1873 ad
251 1840 319 1874 ecl.
346 1842 379 1881 3,
404 1842 448 1873 65

149 1887 168 1919 Ι
193 1888 247 1919 10.
296 1887 326 1918 1.
352 1887 375 1918 4
415 1885 576 1917 ‘decima
616 1884 703 1917 ode:
742 1884 905 1917 Mercuri
920 1901 965 1906 —
980 1883 1164 1925 Atlantis3
1204 1895 1304 1917 more
1344 1884 1577 1927 palaestrae'

29 1931 215 1964 .Diomed.
241 1932 306 1964 521
401 1931 419 1962 1
445 1929 549 1963 Seru.
575 1929 622 1962 ad
645 1929 735 1962 Aen.
760 1930 779 1961 Ι
794 1931 860 1962 520
883 1929 1028 1962 Plotius
1053 1932 1085 1970 7,
1106 1931 1158 1970 10,
1178 1931 1196 1962 1
1241 1929 1402 1962 ‘decima
1426 1930 1495 1963 ode
1512 1955 1520 1963 .
1539 1956 1549 1964 .
1568 1955 1576 1964 .

49 1976 213 2009 Mercuri
228 1993 272 1999 —-
288 1975 471 2007 Atlantis'
495 1975 676 2009 Victorin.
701 1974 746 2007 de
772 1977 875 2006 metr.
893 1975 980 2007 Hor.
999 1976 1089 2007 2616
1114 1974 1221 2008 ‘Hor.
1247 1976 1286 2007 in
1308 1976 1327 2007 I
1346 1985 1456 2008 carm.
1482 1975 1579 2008 Mer-

53 2020 389 2054 curi—Atlantis'
429 2020 545 2052 Prisc.
571 2020 642 2053 VII
667 2021 709 2052 18
847 2019 1026 2052 ‘Mercuri
1062 2020 1241 2052 facunde’
1282 2019 1384 2053 Seru.
1419 2020 1466 2053 ad
1491 2022 1579 2053 Aen.

52 2067 126 2099 IIII
143 2067 210 2100 558
302 2067 323 2098 2
355 2065 438 2107 ‘qui
455 2083 493 2090 —
513 2065 715 2097 hominum'
739 2065 872 2107 Porph.
900 2065 947 2097 ad
971 2075 1078 2099 serm.
1102 2066 1139 2097 ΙΙ
1164 2067 1198 2107 2,
1224 2067 1267 2098 66
1359 2068 1380 2098 3
1405 2076 1460 2108 sq.
1498 2065 1580 2099 ‘ca-

51 2115 113 2144 tus
131 2129 176 2135 —
191 2110 426 2154 palaestrae‘
468 2109 571 2144 Seru.
598 2110 644 2144 ad
667 2109 758 2144 Aen.
782 2111 857 2143 1111
880 2112 946 2144 559
1061 2109 1119 2143 ‘et
1134 2128 1177 2134 —
1194 2111 1427 2154 palaestrae'
1467 2111 1581 2144 schol.

53 2156 150 2190 Stat.
174 2156 288 2190 Theb.
313 2156 366 2190 VI
388 2157 456 2189 830

54 2293 185 2323 VARIA
203 2293 369 2321 LEc'rlo.

171 2359 214 2392 14
233 2368 314 2394 sors
336 2368 367 2393 ω
385 2356 468 2396 Rea
554 2358 596 2392 15
616 2355 766 2404 Adpone
786 2357 876 2404 Επχ
896 2356 1042 2403 Porph.
1131 2356 1247 2394 dulcis
1266 2356 1365 2405 Pph.
1397 2357 1521 2395 dulces
1543 2356 1586 2395 ,Ω

143 2415 187 2450 16
216 2419 257 2450 tu
277 2425 346 2450 om.
370 2425 395 2449 u
502 2414 544 2448 17
575 2414 731 2449 canicies
751 2426 771 2449 τ
868 2415 914 2448 20
942 2412 1140 2462 Conposita
1160 2425 1185 2450 u
1206 2414 1306 2461 Pplz.
1326 2414 1432 2451 sch).
1518 2427 1585 2453 uu.

57 2472 206 2505 21-24
225 2471 297 2506 del.
319 2470 501 2506 Prieneus
519 2474 556 2506 et
577 2469 769 2517 Hitziyius
873 2471 914 2504 21
947 2471 1075 2507 intimo
1097 2471 1300 2519 Aywprxu
1319 2471 1427 2520 sch.y
1438 2473 1462 2508 i.
1475 2476 1500 2508 t.

59 2530 104 2561 22
132 2526 255 2575 puelle
274 2527 323 2563 Αι
419 2526 599 2574 direptum
619 2525 743 2575 γλτας
760 2526 869 2575 sck.y
913 2526 1100 2576 dereptum
1121 2528 1290 2576 AFGffl
1305 2528 1460 2573 Bland]
1492 2528 1587 2576 (‘de-

59 2588 202 2631 reptum
217 2594 295 2630 pro
314 2581 522 2630 direptum’
541 2582 671 2631 scktp)

173 2635 197 2677 I
228 2635 291 2677 10.
350 2640 406 2676 AD
439 2639 691 2677 MERCVRIVM
721 2640 793 2676 AB
850 2639 1027 2677 HYMNVS
1063 2637 1255 2690 (HYMNOS
1291 2641 1328 2678 F
1363 2641 1517 2679 YMNVS
1550 2640 1587 2692 y)

62 2695 279 2733 MERCVRJO
301 2696 588 2734 TETRACOLOS
607 2695 693 2746 Fyt
748 2697 1033 2742 inscriptionem
1054 2708 1127 2735 om.
1149 2710 1170 2734 τ
1269 2700 1286 2732 1
1318 2698 1466 2735 atlantis
1485 2699 1587 2746 Ppk.

64 2756 102 2788 at
119 2751 158 2788 B
185 2752 377 2790 athalantis
397 2764 423 2790 u
453 2753 607 2790 adlantis
626 2764 669 2803 72
687 2763 728 2803 71
748 2764 826 2790 non
845 2753 963 2800 liquet
991 2754 1164 2791 athlantis
1183 2754 1266 2791 rell.
1283 2753 1352 2791 Ac.
1369 2764 1462 2802 exp.
1479 2760 1589 2792 metr.

67 2818 124 2900 ςοο1
206 2812 229 2844 2
242 2809 351 2901 Leros
371 2809 405 2846 Α
490 2812 511 2846 3
541 2815 669 2848 cautus
689 2815 724 2857 ψ
819 2809 950 2846 decore
970 2810 1064 2848 Αιπι
1161 2814 1183 2846 4
1212 2810 1391 2860 palestrae
1414 2811 1591 2861 BFymu

66 2875 110 2913 pa
127 2869 222 2901 estre

1256 2930 1319 2971 2*
