1846 3204
768 178 849 205 ΜΒ.
870 178 933 205 111.
952 179 968 207 4
1555 166 1637 210 105

229 292 299 332 sed
330 291 424 343 quid
454 291 666 345 Typhoeus
697 295 736 330 et
765 289 919 330 ualidus
949 290 1100 336 Mimas,

229 370 297 405 aut
327 365 420 416 quid
449 365 593 404 minaci
621 363 871 416 Porphyrion
901 367 1018 409 statu,

287 439 380 490 quid
410 437 588 478 Rhoetus
618 437 844 488 euolsisque
873 438 1026 476 truncis
1583 445 1636 484 55

338 511 557 552 Enceladus
585 510 777 550 iaculator
806 510 934 550 audax

229 590 366 624 contra
396 588 602 625 sonantem
632 583 799 624 Palladis
830 583 967 635 aegida

230 663 393 710 possent
423 658 611 698 ruentes?
641 657 734 697 hinc
763 657 903 697 auidus
933 658 1043 697 stetit

286 731 494 778 Volcanus,
527 730 621 771 hinc
650 735 829 771 matrona
858 730 958 771 Iuno
989 735 1028 771 et

336 816 553 856 numquam
582 805 732 845 umeris
761 805 966 857 positurus
996 817 1145 851 arcum,
1359 827 1362 829 ·
1584 810 1638 850 60

229 880 297 930 qui
325 891 418 919 rore
447 891 550 931 puro
581 877 770 919 Castaliae
798 877 896 918 lauit

228 953 347 992 crinis
378 952 540 998 solutos,
573 953 641 1003 qui
670 952 810 1005 Lyciae
840 956 949 992 tenet

283 1026 442 1066 dumeta
471 1025 721 1077 natalemque
750 1025 903 1072 siluam,

336 1099 470 1140 Delius
501 1104 540 1139 et
569 1100 758 1139 Patareus
787 1099 938 1151 Apollo.

229 1174 290 1213 uis
321 1173 460 1213 consili
491 1185 633 1225 expers
663 1172 767 1212 mole
796 1174 878 1212 ruit
908 1186 991 1219 sua,
1583 1178 1636 1220 65

229 1247 309 1286 uim
339 1251 598 1299 temperatam
629 1246 668 1286 di
698 1258 856 1298 quoque
886 1246 1114 1299 prouehunt

285 1321 327 1360 in
357 1321 503 1365 maius:
535 1320 640 1360 idem
672 1320 793 1360 odere
824 1321 933 1360 uires

335 1406 452 1434 omne
482 1394 593 1434 nefas
623 1394 753 1433 animo
783 1395 994 1434 mouentis.

229 1468 339 1507 testis
369 1480 548 1508 mearum
579 1469 825 1508 centimanus
841 1467 863 1490 ²¹⁸
881 1467 982 1521 Gyas

226 1527 523 1588 sententiarum,
555 1546 673 1582 notus
704 1534 743 1582 et
770 1542 948 1594 integrae
1584 1548 1636 1588 70

117 1713 386 1741 TESTIMONIA.

203 1769 336 1802 65—-68
359 1767 598 1801 Hildebertus
622 1767 750 1801 moral.
775 1768 909 1811 philos.
933 1769 1000 1800 976
1107 1770 1151 1801 65
1182 1769 1229 1802 cf.
1256 1771 1364 1811 ‘gens
1388 1770 1427 1801 in
1451 1779 1491 1802 se
1515 1769 1637 1803 diuisa

117 1815 239 1846 omnia
262 1813 301 1846 in
325 1824 364 1847 se
389 1813 600 1846 disturbant
631 1823 699 1846 sua
723 1814 819 1847 mole
843 1814 1001 1845 ruitura'
1043 1813 1238 1846 translatio
1265 1814 1298 1847 S.
1325 1814 1498 1857 Dionysii
1521 1815 1633 1848 Areo-

113 1860 265 1902 pagitae
291 1868 321 1893 e.
340 1860 361 1891 2
387 1857 512 1901 (Pertz
537 1858 626 1891 XIII
650 1858 731 1901 357)
824 1859 867 1891 69
887 1867 942 1900 sq.
969 1858 1074 1893 ‘Hor.
1098 1859 1138 1891 in
1160 1859 1198 1891 11
1223 1859 1444 1891 carminum:
1468 1861 1576 1893 testis
1593 1878 1635 1883 —-

112 1903 396 1937 sententiarum'
420 1903 539 1937 Prisc.
556 1903 608 1938 VI
624 1903 668 1937 84
760 1905 803 1937 69
829 1902 1077 1936 ‘centimanus
1103 1902 1228 1947 gigas'
1253 1904 1369 1937 Prisc.
1395 1905 1502 1939 XVII
1526 1906 1590 1939 152

111 2087 240 2115 VARIA
259 2086 425 2114 LEGTIO.

225 2152 269 2185 53
292 2150 355 2187 Set
372 2162 398 2199 γ
471 2131 654 2198 ‘tiphoeus
674 2150 765 2198 Fyn
803 2150 956 2199 typheus
976 2149 1025 2186 λιι
1071 2151 1228 2199 typbeus
1249 2162 1269 2186 τ
1316 2156 1320 2161 ’
1355 2151 1494 2188 ualidas
1513 2162 1549 2188 τι

112 2208 228 2243 minas
248 2207 296 2243 A1
381 2209 427 2242 54
455 2207 670 2255 porphirion
691 2207 804 2255 ΑΕγτ
839 2207 1089 2255 phorphyrion
1109 2207 1146 2242 B
1175 2208 1358 2256 porphion
1377 2219 1404 2244 u
1487 2210 1533 2243 55
1555 2219 1636 2245 roe-

113 2285 172 2328 tus
192 2280 230 2316 B
259 2281 385 2317 rhetus
406 2280 444 2316 F
468 2281 595 2317 rethus
615 2291 689 2317 um
718 2281 867 2329 puthius
887 2290 932 2316 π1
1025 2280 1161 2317 euolsis
1181 2280 1289 2329 ΑιΡχ
1325 2259 1447 2318 euo¹sis
1467 2292 1497 2317 π
1534 2281 1636 2318 euul-

112 2337 163 2373 sis
184 2338 233 2373 A2
243 2339 327 2373 cett.
351 2335 425 2384 (242
444 2337 568 2373 euosis
588 2337 611 2373 i.
634 2336 717 2384 (om.
735 2336 770 2385 λ)
791 2347 821 2373 e.
844 2335 1018 2373 annosis’
1037 2333 1191 2387 εεΙιλΡλ)
1278 2339 1324 2374 56
1342 2337 1566 2375 Encheladus
1587 2349 1636 2375 τιι

111 2387 303 2457 Encelalis,
324 2416 360 2452 ai
380 2415 570 2453 enceladus
590 2427 620 2452 π
727 2419 770 2451 57
800 2414 944 2465 pallidis
966 2414 1003 2452 λι
1089 2416 1194 2465 egida
1213 2416 1275 2453 Fu
1380 2418 1424 2452 59
1453 2417 1634 2454 Vulcanus

112 2471 312 2520 AByMztu
388 2473 433 2507 59
446 2482 502 2519 sq.
524 2472 609 2509 iuno
628 2474 633 2517 Ι
650 2473 695 2509 Et
714 2483 910 2520 numquam
931 2471 997 2508 Fu
1072 2474 1116 2509 60
1134 2473 1323 2522 Nunquam
1343 2485 1370 2511 u
1446 2475 1580 2510 umeris
1602 2474 1635 2510 Α

111 2528 210 2575 Ppk.
240 2529 401 2566 humeris
420 2532 505 2565 cett.
514 2528 582 2565 Ac.
670 2530 818 2565 archum
838 2534 889 2573 ψ1
975 2530 1019 2564 62
1038 2528 1162 2566 Crines
1182 2530 1332 2567 Bqu
1417 2530 1522 2567 liciae
1542 2531 1635 2567 Fau

112 2584 190 2622 litie
209 2596 233 2633 γ
319 2590 421 2622 tenet
440 2596 513 2623 om.
536 2595 580 2622 m
695 2587 739 2620 64
768 2585 952 2634 patareius
974 2584 1038 2622 Mu
1079 2590 1250 2635 patereus
1271 2598 1358 2636 ypr.
1474 2589 1519 2622 65
1550 2599 1634 2624 con-

113 2641 204 2677 siliis
223 2653 248 2690 γ
286 2641 430 2678 consilii
449 2641 724 2689 cetc.Ac.Pph.
812 2642 886 2677 ruit
906 2641 1001 2678 mole
1022 2653 1086 2679 sua
1106 2654 1131 2679 u
1173 2643 1421 2694 molessssruit
1443 2654 1506 2679 sua
1529 2642 1549 2678 λ

113 2707 177 2733 uu.
198 2699 345 2733 66-68
364 2697 484 2734 om.B
568 2699 613 2734 66
634 2698 683 2734 dii
703 2697 831 2747 Αγλτιι
916 2699 961 2733 68
982 2694 1094 2745 (omni
1114 2700 1234 2736 animo
1255 2703 1446 2736 mouentes
1467 2694 1631 2747 Hildeb.)

197 2758 385 2790 mouentes
413 2755 521 2802 Fyvu
635 2766 699 2791 uu.
721 2756 868 2790 69—72
898 2755 969 2790 del.
992 2754 1189 2802 Hauptius
1208 2756 1400 2793 Linlcerus
1420 2755 1488 2791 alii
1589 2757 1634 2791 69

114 2808 206 2856 Gyas
228 2820 258 2844 ω
289 2810 391 2858 gigas
414 2808 620 2856 ΩΙἼοηιη.
641 2813 739 2847 codd.
763 2811 839 2855 Cn]
852 2810 919 2848 Ac.
952 2811 1070 2859 Gyges
1090 2812 1217 2850 Bentl.
1305 2814 1350 2848 70
1370 2813 1633 2848 sententiarum

112 2869 235 2906 notus,
257 2869 294 2902 et
312 2865 519 2903 Lambinus
