1826 3204
192 191 247 233 28
753 208 910 235 HORATI
931 208 1145 237 CARMINVM

304 319 458 368 ingrato
489 317 629 358 celeris
659 317 792 358 obruit
821 320 900 358 otio

395 395 537 430 uentos
566 396 610 430 ut
639 396 800 431 caneret
828 393 912 432 fera

306 463 460 503 Nereus
489 465 585 504 fata:
621 464 741 504 ‘mala
772 465 882 504 ducis
912 466 977 504 aui
1007 465 1180 510 domum,
1682 472 1707 511 5

306 546 424 586 quam
453 537 577 577 multo
608 542 764 590 repetet
794 538 954 577 Graecia
986 538 1121 584 milite,

306 598 509 650 coniurata
539 615 626 650 tuas
655 623 844 662 rumpere
873 612 1031 663 nuptias

396 688 435 722 et
463 695 632 734 regnum
662 684 807 723 Priami
837 688 965 723 uetus.

305 755 381 794 he'u
412 755 503 800 heu,
537 761 706 806 quantus
737 758 860 807 equis,
894 761 1064 807 quantus
1093 757 1204 797 adest
1235 758 1331 796 uiris

306 828 447 867 sudor!
478 833 621 879 quanta
652 842 790 869 moues
819 830 958 869 funera
989 830 1192 870 Dardanae
1656 834 1710 873 10

305 902 430 951 genti!
461 902 539 941 iam
568 902 719 953 galeam
749 902 876 942 Pallas
908 907 945 942 et
975 903 1110 953 aegida

395 986 617 1025 currusque
648 980 686 1014 et
715 975 865 1015 rabiem
895 980 1018 1027 parat.

307 1048 549 1097 nequiquam
580 1049 745 1087 Veneris
774 1048 972 1100 praesidio
1003 1048 1116 1087 ferox

304 1124 441 1171 pectes
472 1121 685 1159 caesariem
715 1126 905 1171 grataque
934 1122 1091 1161 feminis

305 1187 442 1232 inbelli
473 1192 622 1233 cithara
654 1195 828 1233 carmina
857 1193 1029 1239 diuides;
1374 1241 1380 1246 ,
1657 1199 1709 1239 15

395 1267 635 1317 nequiquam
664 1266 834 1307 thalamo
864 1268 997 1318 grauis

305 1338 438 1378 hastas
468 1344 506 1378 et
536 1339 673 1379 calami
702 1339 852 1392 spicula
883 1340 1019 1380 Gnosii

306 1411 462 1457 uitabis,
495 1414 784 1464 strepitumque
816 1418 854 1452 et
884 1412 1056 1452 celerem
1086 1415 1199 1464 sequi

304 1486 480 1525 Aiacem:
515 1490 644 1525 tamen
674 1486 753 1525 heu
783 1498 897 1525 serus
927 1486 1126 1526 adulteros

396 1559 526 1598 crines
555 1559 722 1611 puluere
753 1558 926 1599 collines.
1655 1563 1710 1604 20

194 1706 460 1734 TESTIMONIA.

283 1762 305 1793 4
329 1770 381 1802 sq.
408 1761 455 1793 ef.
482 1759 640 1793 ‘Nereus
663 1762 706 1793 ut
730 1763 880 1793 caneret
903 1760 1001 1793 fera'
1026 1760 1206 1794 Victorin.
1232 1761 1319 1793 2592
1411 1761 1432 1793 5
1457 1769 1512 1802 sq.
1538 1759 1646 1794 ‘Horu
1672 1761 1711 1793 in

192 1806 211 1838 I
236 1815 344 1838 earm.
369 1806 510 1838 Nereus
528 1824 569 1828 —
586 1805 723 1838 milite*
747 1805 862 1839 Prisc.
888 1805 958 1839 VII
975 1806 1018 1838 67
1111 1806 1153 1838 18
1170 1815 1225 1847 sq.
1252 1805 1360 1839 ‘Hor.
1385 1805 1424 1837 in
1447 1805 1466 1838 Ι
1490 1806 1710 1838 carminum:

195 1853 231 1884 et
248 1868 289 1873 —
307 1850 475 1883 Aiacem⁷
499 1850 614 1884 Prisc.
641 1850 765 1885 XVIII
787 1852 832 1883 44

193 1999 321 2027 VARIA
339 1998 503 2045 LEGT19.

307 2069 328 2102 3
358 2048 494 2121 celeres
514 2078 534 2102 τ
580 2066 715 2103 celeres
736 2065 821 2102 Ftu
889 2096 891 2099 .
926 2066 1002 2102 otio
1022 2067 1062 2102 in
1082 2066 1162 2102 loco
1182 2075 1273 2102 raso
1292 2077 1312 2101 τ
1426 2069 1448 2100 4
1477 2065 1552 2102 fera
1572 2067 1612 2103 in
1631 2067 1712 2104 loco

195 2157 285 2182 raso
305 2157 326 2181 τ
425 2148 446 2180 5
475 2146 525 2182 Ne
545 2155 630 2181 reus
650 2144 684 2180 A
731 2145 902 2181 Proteum
919 2155 993 2191 pro
1013 2144 1140 2181 Nereo
1159 2145 1288 2192 leyunt
1306 2144 1556 2191 Porphyrion
1576 2148 1613 2181 et
1629 2145 1711 2182 sch.

196 2202 291 2238 Stat.
317 2199 416 2251 (item
438 2202 577 2238 Nestor
595 2202 635 2237 in
656 2211 748 2238 uoce
770 2202 867 2238 ‘auis
877 2200 898 2249 ')
921 2212 1007 2248 opp.
1020 2198 1063 2236 Ω.
1081 2201 1185 2248 why
1205 2200 1408 2237 Prisciano
1431 2200 1623 2238 Victorino

195 2255 286 2308 sata]
310 2258 402 2295 fama
422 2258 616 2294 Prisciani
633 2258 741 2308 codd.
763 2258 938 2304 plerique
1023 2259 1044 2291 6
1075 2257 1195 2305 grecia
1216 2257 1322 2305 Fytu
1358 2257 1446 2305 goia
1466 2256 1500 2292 B
1585 2260 1607 2294 9
1635 2257 1712 2295 Heu

195 2316 265 2351 heu
286 2314 412 2350 ABvG
457 2314 558 2351 Eheu
578 2312 686 2362 Fytu
695 2314 760 2350 Ac.
806 2314 931 2350 Heheu
951 2323 981 2349 π
1095 2318 1263 2361 quamtus
1284 2324 1322 2349 e:
1345 2318 1514 2361 quamtus
1533 2311 1555 2349 λ
1670 2315 1713 2349 10

197 2375 339 2419 quamta
361 2370 382 2406 λ
468 2370 622 2406 dardane
642 2380 671 2405 π
757 2371 797 2404 11
829 2370 934 2418 egida
953 2380 1056 2418 ymu
1142 2371 1185 2404 12
1215 2365 1269 2418 et]
1292 2369 1336 2405 ad
1353 2380 1380 2416 y
1400 2368 1715 2417 (Vanderbouryi

195 2428 276 2464 cod.
301 2426 350 2473 T)
462 2428 504 2461 13
533 2426 779 2474 Nequicquam
798 2426 875 2462 Alu
886 2425 1081 2473 Ac.Pph.1
1127 2425 1378 2474 Nequiequam
1398 2437 1429 2472 φ
1550 2425 1710 2474 presidio

195 2482 277 2531 Fyt
355 2482 482 2519 foerox
501 2494 521 2518 τ
609 2484 652 2517 14
672 2483 844 2518 cesariem
866 2482 983 2518 AFvu
1070 2483 1112 2516 15
1131 2480 1270 2517 Imbelli
1290 2480 1349 2517 Βλ
1435 2481 1582 2530 cythara
1601 2480 1711 2518 th

280 2539 382 2575 diues
403 2544 454 2586 ψι
553 2539 596 2573 16
622 2538 868 2586 Nequicquam
887 2538 937 2574 A1
965 2538 1231 2586 Necquicquam
1251 2548 1278 2573 u
1363 2538 1400 2573 in
1420 2537 1577 2574 thalamo
1598 2537 1712 2586 Seyf-

193 2595 322 2642 fertus
408 2605 539 2642 graues
558 2593 619 2630 Au
684 2619 686 2621 -
711 2595 754 2628 19
784 2605 886 2630 seros
907 2594 943 2630 B
1044 2604 1110 2630 uu.
1132 2594 1277 2628 20—32
1298 2604 1368 2630 om.
1391 2593 1429 2629 B
1513 2595 1557 2628 20
1586 2593 1727 2630 Crines-

195 2649 603 2698 AlvuyuaraworrG‘
617 2647 913 2697 V’[et1Bland.]
926 2646 1339 2698 ᾑαβθρρσαανωααν.)
1359 2648 1465 2686 sch]-
1491 2650 1558 2686 alt.
1585 2650 1608 2685 l.
1637 2650 1662 2685 i.
1683 2652 1710 2686 t.

196 2707 347 2743 Peerlk.
396 2707 522 2743 Cultus
543 2702 887 2754 Fyrcprxffluohnv
906 2707 1034 2742 Vultus
1054 2705 1086 2753 s)
1106 2707 1142 2751 [2
1153 2706 1298 2750 Bianti]
1315 2704 1421 2742 sch).
1438 2705 1504 2742 alt.
1526 2705 1551 2741 l.
1573 2708 1609 2741 et
1627 2704 1709 2743 sch.

196 2775 228 2811 φ
251 2761 425 2813 (interpr.
448 2761 726 2809 ‘ornamenta’)
748 2774 777 2798 c.
796 2762 861 2798 Ac.
914 2762 1046 2799 Vtram
1073 2762 1267 2798 lectionem
1286 2761 1377 2799 Aer.
1406 2764 1444 2797 et
1468 2760 1611 2809 schem
1644 2765 1713 2797 aut

196 2821 315 2856 solam
342 2822 430 2855 ante
459 2819 587 2855 oculos
614 2818 816 2855 habuerint
842 2822 910 2855 aut
936 2822 1039 2855 certe
1059 2818 1340 2864 praetulerint,
1372 2817 1413 2854 id
1430 2817 1579 2863 quidem
1605 2816 1714 2854 haud

195 2877 291 2913 satis
313 2878 558 2923 perspectum
578 2874 715 2919 habeo,
735 2876 911 2922 suspicor
930 2870 1057 2912 ta'men
1068 2874 1255 2922 priorem.
1285 2873 1593 2921 interpretantur
1610 2873 1713 2926 enirn
