1846 3204
759 190 840 218 LIB-
862 191 907 218 11.
929 193 1031 220 15-16
1605 175 1662 221 85

246 314 321 343 nec
349 301 451 342 leuis
480 313 642 342 somnos
673 302 791 342 timor
820 306 889 341 aut
918 302 1062 355 cupido
1605 307 1658 348 15

337 375 521 416 sordidus
551 375 692 415 aufert.

245 449 340 501 quid
368 449 485 489 breui
512 449 637 489 fortes
666 448 885 489 iaculamur
915 461 1015 489 aeuo

243 522 390 563 multa?
421 522 516 573 quid
546 526 674 562 terras
709 521 783 562 alio
814 522 977 563 calentis
1010 546 1013 549 -

243 595 326 636 sole
355 596 579 636 mutamus?
608 597 760 648 patriae
791 597 880 647 quis
911 596 1002 637 exul

334 681 377 709 se
408 680 567 721 quoque
596 669 721 721 fugit?
1601 674 1655 715 20

243 742 396 783 scandit
424 746 578 783 aeratas
606 743 750 783 uitiosa
778 745 893 784 nauis

242 829 337 857 cura
366 829 441 856 nec
469 820 622 856 turmas
653 817 831 868 equitum
861 817 1062 869 relinquit,

240 891 349 930 ocior
379 891 511 930 ceruis
541 894 580 930 et
608 894 748 942 agente
778 891 949 944 nimbosj

330 964 440 1004 ocior
469 964 589 1004 Euro.

238 1037 366 1078 laetus
394 1038 436 1077 in
465 1049 655 1090 praesens
686 1039 839 1078 animus
870 1038 976 1090 quod
1008 1039 1111 1079 ultra
1143 1043 1204 1079 est
1598 1043 1651 1084 25

238 1111 368 1151 oderit
397 1123 539 1151 curare
570 1115 610 1150 et
638 1124 771 1152 amara
801 1112 909 1152 lento

237 1189 435 1237 temperet
462 1186 566 1225 risu:
598 1184 696 1224 nihil
728 1190 789 1225 est
817 1186 866 1226 ab
897 1187 1006 1226 omni

324 1262 439 1311 parte
469 1258 641 1298 beatum.

236 1331 398 1372 abstulit
427 1331 576 1372 clarum
609 1333 682 1372 cita
714 1344 823 1372 mors
852 1332 1056 1379 Achillem,

233 1405 351 1458 longa
380 1405 595 1446 Tithonum
623 1406 767 1445 minuit
794 1410 991 1452 senectus,
1595 1411 1648 1451 30

235 1484 274 1519 et
302 1479 399 1519 mihi
428 1479 564 1526 forsan
592 1479 665 1519 tibi
695 1479 802 1531 quod
831 1481 987 1531 negarit

323 1553 502 1606 porriget
531 1552 642 1593 hora.

199 1648 206 1649 ff
234 1632 272 1667 te
302 1638 445 1678 greges
475 1631 634 1666 centum
666 1626 903 1678 Siculaeque
934 1628 1082 1667 circum

118 1777 170 1804 ΤΕ
175 1776 387 1804 8ΤΙΜΟΝῙΑ.

210 1831 252 1864 15
276 1840 329 1872 sq.
368 1830 455 1863 ‘nec
481 1830 612 1873 cupido
630 1848 672 1853 -—
690 1830 830 1863 aufert'
863 1829 964 1863 Seru.
991 1830 1039 1863 ad
1062 1831 1152 1864 Aen.
1177 1831 1211 1864 V
1235 1832 1300 1863 122
1392 1831 1540 1864 25-28
1563 1831 1646 1865 Hil-

117 1875 256 1908 debert.
282 1875 408 1908 moral.
431 1875 637 1918 philosoph.
664 1886 697 1918 p.
724 1877 790 1908 990
882 1877 925 1909 27
950 1885 1004 1918 sq.
1031 1874 1180 1909 ‘uersus
1204 1876 1357 1909 Horati:
1383 1876 1477 1909 nihil
1495 1894 1537 1900 —-
1552 1877 1644 1910 bea-

116 1921 210 1953 tum’
250 1920 434 1953 Ausonius
458 1921 612 1963 profess.
637 1921 690 1953 VI
713 1923 757 1954 36
781 1930 861 1963 sqq.
990 1921 1124 1954 ‘nichil
1148 1939 1193 1944 —-
1215 1921 1385 1954 beatum'
1423 1922 1645 1955 Vincentius

116 1965 257 1998 Bellou.
284 1966 353 1998 VII
377 1967 420 1999 70
443 1965 551 1998 fioril.
574 1966 691 1998 Paris.
717 1966 827 1999 8818·
918 1967 963 1999 30
987 1965 1090 1999 Seru.
1116 1966 1163 1999 ad
1186 1966 1276 1999 Aen.
1301 1967 1377 1999 1111
1399 1967 1466 2000 585

114 2115 243 2143 VARIA
262 2113 428 2141 an'mo.

230 2179 273 2212 15
293 2177 393 2215 leues
414 2177 546 2213 Bqu
652 2188 789 2214 sonnos
812 2190 834 2213 ιι
923 2174 1003 2227 aut]
1026 2189 1093 2214 nec
1114 2177 1330 2214 SeruiusD.
1435 2181 1477 2214 17
1507 2175 1640 2230 sortes]

114 2262 240 2294 sontes
262 2252 571 2306 luar.x(acorr.y
601 2235 723 2304 fontes
743 2254 776 2305 v)
811 2256 925 2293 sortes
945 2257 1034 2294 Aer.
1056 2261 1093 2293 et
1111 2257 1220 2306 scluy
1307 2268 1376 2294 euo
1397 2269 1423 2294 u
1513 2260 1555 2294 18
1585 2269 1642 2295 sa·

113 2313 164 2350 lio
193 2314 229 2349 B
343 2313 502 2350 calentes
531 2313 766 2350 BFuncorr.
885 2314 927 2348 19
957 2313 1035 2350 sole
1066 2318 1248 2350 mutamus
1275 2314 1416 2363 patria?
1447 2315 1530 2363 quis
1560 2315 1641 2351 exul

113 2371 240 2407 nescio
268 2370 353 2417 quis
380 2381 445 2417 ap.
473 2369 692 2407 Bentleium
806 2370 923 2418 patrie
943 2370 977 2406 A
1097 2381 1164 2407 uu.
1186 2372 1334 2406 21—24
1361 2371 1433 2408 del.
1460 2371 1642 2409 Prienius

217 2429 260 2461 21
291 2430 408 2462 eratas
429 2426 502 2474 Βψ
544 2426 688 2463 heratas
709 2438 740 2473 φ
847 2426 984 2463 uiciosa
1003 2438 1024 2462 τ
1123 2438 1236 2464 naues
1256 2427 1366 2464 Fum
1408 2439 1552 2478 puppes
1572 2437 1640 2464 ex-

112 2488 248 2530 cerpta
268 2482 484 2519 Bodleiano
504 2495 567 2530 ap.
590 2483 716 2520 Bentl.
833 2486 876 2517 22
905 2494 988 2531 neq.
1017 2483 1055 2519 B
1166 2483 1351 2533 relinquid
1369 2490 1454 2533 γψχ
1489 2484 1641 2533 reliquit

114 2535 217 2588 χωρ)
230 2551 317 2586 opp.
328 2540 416 2576 Acr.
438 2543 475 2576 et
493 2539 599 2589 sclay
619 2539 717 2587 Pph.
738 2538 844 2576 scm.
929 2550 967 2575 u.
988 2541 1032 2576 23
1052 2550 1124 2577 om.
1146 2545 1198 2587 ψι
1285 2540 1390 2578 Otior
1406 2540 1483 2590 γλιι
1513 2542 1639 2579 Ocium

113 2606 159 2632 πι
244 2599 290 2631 24
319 2595 424 2633 Otior
442 2595 517 2645 γλα
622 2598 768 2632 25-27
800 2596 909 2632 animi
925 2624 934 2633 .
951 2624 960 2632 .
977 2623 988 2633 .
1005 2596 1125 2634 oderis
1143 2625 1152 2634 .
1170 2624 1179 2634 .
1198 2625 1206 2633 .
1223 2601 1405 2647 temperes
1425 2598 1552 2635 Bentl.

112 2653 156 2686 25
184 2652 295 2689 Letus
315 2664 341 2689 u
457 2648 568 2702 (quod
596 2664 667 2690 om.
689 2648 946 2702 Hildebertus)
1063 2658 1120 2690 est
1147 2665 1217 2692 om.
1237 2650 1368 2704 20'1112)
1390 2654 1660 2691 Hildebertus„

186 2710 231 2744 26
250 2719 370 2745 amare
392 2708 478 2755 Βψι
564 2710 661 2747 laeto
682 2721 714 2746 ω
742 2709 815 2746 leni
836 2709 962 2745 Bentl.
994 2707 1109 2758 (tento
1129 2708 1294 2761 Hildeb.)
1382 2714 1426 2746 27
1447 2710 1559 2748 nichil
1578 2721 1638 2757 φα

198 2760 274 2814 (ah]
296 2776 339 2802 ex
358 2762 524 2816 Hildeb.)
612 2767 657 2801 29
677 2767 749 2803 cito
770 2766 808 2802 B
894 2765 1025 2803 achille
1043 2767 1162 2814 Απτφ
1248 2769 1293 2803 30
1312 2767 1521 2804 thithonum
1540 2777 1567 2803 u

112 2821 152 2855 31
184 2820 249 2857 Est
267 2821 354 2857 mihi
374 2820 413 2857 B
496 2823 606 2859 michi
626 2835 658 2870 φ
752 2821 887 2859 lorsam
908 2821 944 2859 λι
992 2823 1109 2861 soi-set
1128 2824 1194 2861 Fu:
1213 2822 1466 2870 cons.sch.z‹p
1514 2824 1637 2861 forsan

111 2876 178 2912 Ac.
198 2876 305 2925 why
390 2874 476 2928 tibi]
498 2878 548 2915 ibi
567 2890 592 2928 y
677 2881 722 2914 33
742 2878 856 2915 sicule
875 2891 894 2914 τ
