1826 3184
705 179 787 207 LIB.
807 179 834 206 1.
856 181 957 208 10—12
1541 166 1596 209 21

183 292 301 331 finem
333 291 373 331 di
403 291 597 336 dederint,
630 290 853 337 Leuconoe,
884 303 960 331 nec
989 290 1227 345 Babylonios

184 366 390 417 temptaris
419 376 619 404 numeros.
664 369 707 403 ut
735 363 877 404 melius
909 365 1096 416 quicquid
1128 367 1204 405 erit
1232 368 1326 418 pati,

183 450 255 477 seu
285 437 422 490 plures
452 437 603 477 hiemes
633 451 704 477 seu
734 437 875 477 tribuit
903 437 1083 491 Iuppiter
1112 438 1302 485 ultimam,

183 523 284 562 quae
313 523 420 550 nunc
449 511 642 563 oppositis
672 510 852 551 debilitat
879 511 1104 563 pumicibus
1133 525 1243 552 mare
1568 520 1592 558 5

181 583 444 637 Tyrrhenum.
487 585 635 637 sapias:
667 585 760 624 uina
789 584 917 635 liques
948 588 987 624 et
1015 586 1142 637 spatio
1172 585 1289 626 breui

181 669 292 709 spem
321 657 479 709 longam
509 670 679 697 reseces.
723 657 817 697 dum
846 658 1060 709 loquimur,
1090 659 1240 711 fugerit
1267 660 1403 700 inuida

180 734 305 770 actas:
339 742 457 783 carpe
487 730 603 777 diem,
637 742 755 782 quam
783 732 992 771 minimum
1022 732 1181 773 credula
1211 737 1386 785 postero.

781 925 871 964 XII

179 1001 307 1048 Quem
336 1002 469 1042 uirum
499 1007 568 1042 aut
595 1001 718 1042 heroa
746 1002 830 1055 lyra
861 1002 926 1043 uel
956 997 1039 1044 acri

177 1074 273 1113 tibia
302 1076 426 1116 sumis
457 1075 673 1121 celebrare,
707 1075 803 1121 Clio,

64 1210 332 1239 TESTIMONIA.

61 1265 132 1298 bis.
149 1266 238 1299 2704
261 1265 405 1298 Plotius
421 1266 454 1307 7,
473 1266 514 1298 17
601 1264 814 1299 ‘undecima
839 1266 906 1299 ode
932 1267 1131 1309 lyricorum
1157 1271 1356 1301 asmatum:
1382 1271 1423 1301 tu
1438 1287 1482 1292 —
1500 1270 1587 1302 tibi’

60 1310 243 1345 victorin.
266 1310 310 1343 de
334 1313 438 1343 metr.
463 1311 553 1343 Hor.
577 1312 666 1344 2616
759 1310 972 1344 ‘undecima
1005 1312 1092 1345 ode:
1122 1315 1163 1345 tu
1179 1330 1224 1336 —-
1239 1314 1358 1355 mihi’,
1384 1325 1453 1347 om.
1480 1325 1588 1356 quem

60 1355 131 1388 tibi
153 1355 319 1390 Diomed.
343 1357 407 1389 521
501 1354 726 1398 ‘quaesieris
750 1357 862 1389 scire'
886 1357 984 1390 Plot.
1010 1359 1042 1399 7,
1067 1359 1088 1390 2
1195 1360 1215 1390 2
1241 1368 1296 1400 sq.
1328 1359 1376 1393 cf.
1403 1360 1491 1392 ‘nec
1515 1360 1588 1392 Ba-

60 1401 214 1443 bylones
238 1411 408 1433 numeros
432 1405 474 1434 ut
496 1401 628 1434 melius
654 1401 833 1443 quidquid
857 1403 929 1434 erit
944 1404 1131 1445 geremus'
1156 1403 1252 1436 Plot.
1272 1405 1304 1444 7,
1323 1405 1366 1436 14
1433 1406 1454 1438 6
1480 1403 1586 1437 ‘Hor.

60 1446 99 1477 in
127 1446 147 1478 I
178 1446 398 1478 carminum:
437 1446 564 1489 sapias
580 1463 626 1471 —-
642 1446 778 1488 liques’
818 1447 937 1482 Prisc.
961 1448 1085 1480 XVIII
1109 1449 1152 1481 89
1283 1450 1301 1482 7
1328 1459 1382 1491 sq.
1424 1448 1588 1481 ‘dum—

61 1492 184 1524 aetas'
211 1490 325 1523 schol.
350 1491 450 1525 Pers.
475 1492 509 1533 5,
535 1492 600 1525 153
702 1492 723 1524 8
749 1491 878 1535 ‘carpe
904 1492 1001 1525 diem
1026 1502 1136 1535 quam
1160 1494 1367 1526 minimum'
1391 1494 1486 1527 Plot.
1514 1496 1546 1536 7,
1565 1497 1586 1528 9

150 1536 168 1567 I
185 1537 238 1568 12.
287 1537 305 1568 1
332 1535 566 1569 ‘duodecima
590 1536 658 1570 ode
684 1535 708 1579 (.
728 1560 736 1569 .
756 1563 765 1571 .
784 1537 888 1570 cuius
912 1538 1060 1570 initium
1085 1538 1167 1571 add.
1191 1538 1388 1582 Victorin.)
1417 1549 1525 1581 quem
1542 1557 1586 1562 —

60 1581 156 1613 acri'
179 1580 347 1616 Diomed.
363 1582 428 1615 521
452 1581 633 1616 Victorin.
658 1581 703 1614 de
727 1585 833 1615 metr.
850 1582 940 1615 Hor.
965 1584 1054 1616 2616
1132 1585 1150 1615 1
1168 1593 1223 1626 sq.
1248 1582 1357 1620 ‘H0r.
1384 1582 1450 1626 (sc.
1477 1584 1584 1627 dixit)

60 1635 184 1659 acrem
205 1626 355 1660 tibiam'
381 1626 601 1672 Quintilian,
625 1627 741 1662 instit.
764 1627 854 1660 VIII
876 1629 910 1670 2,
935 1628 957 1661 9

57 1746 189 1780 VA1'31A
206 1751 370 1799 enemo.

170 1823 193 1856 2
229 1801 431 1857 di⁸dederint
458 1820 492 1856 A
606 1820 655 1857 dii
683 1819 820 1858 1¹⁷).qu
934 1821 1112 1858 dederunt
1139 1827 1263 1870 w1u1y
1380 1823 1585 1861 babilonios

56 1875 229 1923 Αλπτψα
343 1878 443 1913 3-6
474 1878 553 1922 [⁶ut
571 1876 701 1910 melius
722 1876 898 1923 quicquid
927 1878 998 1911 erit
1024 1878 1120 1924 pati,
1154 1879 1310 1914 indicaui
1332 1881 1510 1926 pertinere
1539 1883 1586 1916 ad

56 1935 204 1969 uerbum
233 1933 374 1978 sapias3
403 1933 456 1968 ita
481 1939 521 1969 ut
546 1934 754 1968 intermedia
781 1934 981 1969 scribantur
1005 1936 1229 1981 parenthesi,
1265 1948 1356 1980 quae
1381 1937 1429 1971 sie
1453 1937 1585 1983 scripta

54 1990 177 2026 inueni
192 1990 230 2024 in
250 1989 334 2024 ‘V'’
356 1990 433 2034 Cn]
534 1991 556 2025 3
586 1989 763 2038 quidquid
782 1990 927 2037 Porph.
1031 1994 1054 2025 4
1082 1992 1230 2040 hyemes
1250 2004 1274 2041 γ
1305 1993 1433 2029 hiemis
1454 2004 1499 2029 π1

56 2046 193 2083 tribuet
209 2056 237 2093 y
322 2046 459 2094 iupiter
477 2051 542 2092 πψ
635 2047 658 2080 5
687 2045 763 2091 Que
784 2058 809 2083 u
839 2046 907 2092 Qui
927 2047 1182 2093 vpr.V[codd.
1198 2045 1585 2099 Βῑαηά.]πααν.χ(δει)

57 2102 154 2148 Quae
187 2103 271 2139 rell.
306 2102 405 2149 Pph.
437 2112 540 2139 cons.
574 2101 719 2149 Porph.
749 2104 992 2150 interpretat.
1031 2114 1154 2151 neque
1188 2105 1296 2142 aliud
1327 2110 1386 2142 est
1418 2106 1585 2143 debilitat

56 2156 171 2207 quam
195 2157 350 2206 franqit
372 2150 639 2206 ἇποθρύπτει.
677 2159 779 2196 hanc
799 2163 926 2196 autem
953 2160 1148 2197 lectionem
1169 2173 1194 2197 a
1211 2163 1474 2208 grammaticis
1501 2164 1583 2210 qui-

54 2216 214 2253 busdam
228 2225 441 2262 perperam
459 2216 688 2252 intellectam
707 2226 790 2252 esse
809 2215 981 2263 efficitur
999 2217 1126 2266 sch.y:
1148 2213 1285 2268 ⁴Quae]
1306 2228 1448 2255 sares.
1498 2220 1584 2255 licet

53 2266 280 2320 coqnouerz‘s
312 2282 411 2318 quae
438 2282 502 2309 res
529 2272 769 2309 commoueat.
796 2282 921 2316 mare,
958 2282 1112 2310 necesse
1139 2277 1196 2310 est
1229 2278 1271 2311 ut
1295 2275 1453 2311 bibendo
1481 2275 1603 2322 hanc⁸

54 2338 204 2365 reseces
222 2324 375 2364 euram’
474 2327 638 2365 debilitat
657 2329 861 2378 pumicibus
882 2329 1063 2377 oppositis
1083 2341 1182 2367 mare
1202 2342 1228 2367 u
1314 2332 1336 2366 6
1366 2331 1583 2368 Tirrhenum

56 2384 90 2421 Α
133 2385 332 2433 Tyrrenum
351 2395 406 2433 γπ
443 2384 632 2433 Thyrremi
653 2397 673 2421 τ
713 2386 903 2422 Tirrenum
922 2396 949 2421 u
1063 2387 1187 2435 spacio
1214 2397 1236 2422 τ
1350 2399 1387 2424 u.
1409 2391 1429 2422 7
1450 2399 1521 2424 om.
1544 2387 1582 2425 λι

139 2444 159 2476 7
179 2440 284 2488 suget
302 2452 327 2490 y
363 2440 459 2490 fugit
478 2438 698 2491 τοονν.χ(σε)
707 2442 787 2478 sch.
798 2441 909 2478 Pers.
949 2441 1094 2491 diffugit
1110 2454 1138 2490 y

166 2492 190 2534 I
213 2492 276 2533 12.
335 2497 388 2533 DE
420 2495 650 2546 (SAPHICVM
675 2498 728 2534 DE
750 2494 798 2547 B)
828 2497 1036 2535 LAVDIBVS
1062 2498 1239 2536 DEORVM
1271 2499 1418 2545 ATQVE
1454 2501 1580 2537 ΗΟΜΙ-

0 2592 4 2594 ,
54 2553 145 2590 NVM
164 2553 236 2589 AB
292 2553 648 2591 PROSPHONETICE
686 2553 973 2591 TETRACOLOS
1006 2554 1186 2592 HYMNOS
1215 2556 1254 2592 F
1305 2556 1580 2594 PROSPHONE-

56 2620 152 2657 TICE
182 2620 467 2658 TETRACOLOS
494 2621 605 2658 YMN’
625 2622 679 2659 DE
706 2621 917 2658 LAVDIBVS
945 2621 1088 2659 DEORV
1105 2623 1163 2660 ET
1183 2623 1351 2660 HOMINV
1370 2636 1395 2672 γ
1451 2624 1579 2661 PROS-

54 2676 296 2713 PHONETICE
327 2677 624 2716 TETRACOLOS.
654 2678 833 2715 HYMNOS
859 2677 912 2714 DE
940 2678 1149 2716 LAVDIBVS
1175 2680 1352 2717 DEORVM
1379 2680 1480 2725 ATQ.
1501 2681 1579 2717 HO-

54 2732 194 2768 MINVM
212 2731 236 2777 λ
290 2734 406 2770 inser.
429 2744 499 2770 om.
520 2745 541 2769 τ
639 2736 656 2768 1
689 2763 697 2771 .
715 2746 798 2771 uem
818 2746 842 2782 γ
939 2733 1008 2771 lira
1026 2746 1054 2772 u
1147 2739 1169 2771 2
1198 2735 1320 2772 Tibias
1341 2735 1379 2772 B
1463 2738 1578 2774 sumis

54 2787 604 2839 ABymuG3[331and.]sck.y
619 2794 759 2837 quater
807 2800 927 2827 sumes
955 2788 1348 2840 FZ‘V’12(‹59)sclz.kq>
1463 2793 1577 2830 caele-

54 2843 159 2881 brare
179 2844 218 2880 F
298 2841 395 2895 Clio]
418 2846 517 2883 caelo
537 2846 619 2883 Fm
648 2847 727 2884 celo
747 2846 786 2882 21
