1846 3216
211 174 295 215 200
796 186 954 213 noum-1
974 187 1142 213 EPODON

325 311 373 337 an
404 299 437 337 si
467 299 554 348 quis
585 302 669 337 atro
701 298 818 337 dente
849 310 911 337 me
942 298 1142 350 petiuerit,
1260 330 1266 333 .
1677 301 1728 340 15

380 371 530 411 inultus
563 376 604 411 ut
632 371 735 411 flebo
765 372 892 424 puer?

934 577 1019 615 VII

326 654 412 700 Quo
444 664 522 704 quo
554 653 711 694 scelesti
741 655 881 693 ruitis?
913 658 980 693 aut
1011 667 1082 693 cur
1113 654 1287 693 dexteris

382 731 567 779 aptantur
599 739 715 767 enses
745 727 917 766 conditi?

326 813 521 852 parumne
552 802 700 852 campis
731 805 849 851 atque
879 801 1063 853 Neptuno
1095 813 1217 853 super

382 875 515 913 fusum
546 878 606 913 est
634 873 761 913 Latini
791 875 1004 925 sanguinis,

328 959 406 986 non
439 951 481 986 ut
511 946 704 998 superbas
733 946 891 986 inuidae
917 946 1161 998 Carthaginis
1272 982 1276 985 Α
1711 952 1735 990 5

384 1020 585 1059 Romanus
616 1031 728 1059 arces
758 1024 907 1065 ureret,

327 1094 499 1132 intactus
530 1097 598 1132 aut
627 1093 840 1132 Britannus
871 1097 916 1132 ut
946 1093 1208 1133 descenderet

385 1179 496 1206 saera
528 1170 730 1206 catenatus
759 1166 837 1210 uia,

329 1240 398 1279 sed
431 1244 473 1279 ut
503 1240 721 1279 secundum
750 1244 842 1279 uota
874 1240 1112 1280 Parthorum
1143 1253 1214 1280 sua

386 1313 482 1353 urbs
512 1313 609 1353 haee
639 1314 790 1366 periret
821 1313 1008 1353 dextera?
1687 1318 1738 1357 10

330 1399 460 1438 neque
490 1386 554 1426 hie
584 1386 689 1438 lupis
718 1399 805 1426 mos
835 1399 909 1426 nec
939 1388 1014 1427 fuit
1043 1387 1226 1427 leonibus

387 1471 576 1511 umquam
606 1460 682 1499 nisi
710 1461 751 1499 in
783 1460 916 1512 dispar
946 1461 1054 1500 feris.

332 1535 497 1574 furorne
529 1546 666 1572 caecos
697 1546 746 1572 an
777 1534 882 1585 rapit
911 1534 973 1573 uis
1004 1535 1135 1574 aerior

388 1620 436 1645 an
467 1606 605 1658 culpa?
637 1619 874 1658 responsum
906 1607 1006 1646 date.

333 1684 476 1725 tacent,
511 1684 549 1719 et
579 1693 648 1719 ora
678 1679 805 1732 pallor
836 1679 948 1719 albus
977 1681 1100 1719 inficit
1690 1686 1741 1725 15

220 1851 490 1879 TESTIMONIA.

308 1917 424 1960 Epod.
449 1919 481 1950 7.
531 1918 549 1949 1
575 1927 712 1959 praem.
737 1916 907 1960 ‘septima
933 1917 1011 1950 ode'
1035 1917 1202 1950 Diomed.
1228 1918 1294 1950 528
1356 1919 1377 1950 3
1401 1926 1456 1958 sq.
1483 1917 1532 1951 of.
1557 1916 1745 1960 ‘parumne

222 1963 361 2005 eampis
379 1965 491 2004 atque
515 1962 563 1995 N:
590 1972 626 1994 s:
650 1962 772 1995 fusum
796 1962 946 1995 dextris'
972 1963 1068 1996 Plot.
1086 1963 1119 2003 4,
1138 1964 1180 1995 27
1263 1963 1351 1995 5-7
1361 1962 1409 1994 cf.
1436 1961 1645 1995 ‘non—aut
1662 1962 1744 1995 Bri-

218 2008 403 2041 tannicus'
419 2007 515 2040 Plot.
533 2008 565 2049 4,
583 2008 636 2040 34.
723 2009 743 2040 5
760 2017 814 2049 sq.
834 2009 860 2041 f.
880 2007 963 2040 ‘non
977 2010 1017 2040 ut
1037 2018 1071 2040 s:
1090 2008 1121 2040 i:
1147 2006 1385 2050 Carthaginis
1404 2009 1521 2041 arces'
1538 2007 1635 2041 Plot.
1644 2009 1678 2050 4,
1687 2009 1743 2041 26.

218 2156 348 2185 VARIA
367 2156 532 2183 LEGTIO.

334 2227 376 2260 15
398 2227 478 2261 atro
499 2235 529 2260 π
613 2236 670 2261 me
692 2200 916 2274 oppetiuerit
935 2225 1040 2274 Επιχ
1059 2236 1190 2262 comm.
1214 2224 1274 2261 Cr.
1297 2236 1386 2271 opp.
1411 2224 1477 2261 Ac.
1499 2226 1607 2274 why

333 2301 456 2352 Epod.
491 2300 529 2340 7.
588 2304 720 2341 PRIMO
741 2304 868 2340 CIVILI
888 2304 1027 2341 BELLO
1048 2304 1192 2341 FINITO
1208 2304 1266 2340 VT
1285 2304 1341 2340 AB
1361 2304 1464 2340 ALIO
1487 2301 1638 2352 (BELLO
1656 2305 1744 2341 add.

133 2377 142 2381 ’
221 2359 269 2410 B)
291 2360 594 2397 ABSTINEATVR
615 2357 870 2410 (ABSTINEAT
892 2359 995 2408 ΑΒλ)
1016 2360 1299 2398 DEPRECATVR
1320 2358 1511 2407 (AMONET
1533 2359 1567 2408 λ)
1589 2360 1745 2409 Α.Βγλ,γ

222 2417 310 2453 add.
333 2426 431 2463 quae
458 2417 615 2464 leyimus
641 2418 680 2453 in
696 2417 739 2460 *F
830 2411 1069 2454 TERNARIVS
1095 2417 1295 2454 IAMBICVS
1320 2416 1518 2454 BlNARlVS
1545 2416 1746 2454 IAMBICVS

222 2472 430 2510 EPODICVS
451 2473 489 2508 F
499 2473 506 2478 ⁴
585 2475 602 2507 1
627 2473 761 2509 dextris
783 2473 903 2523 ΑΒγλ
923 2484 1056 2520 eoepos.
1079 2477 1189 2510 metr.
1285 2477 1306 2508 2
1325 2473 1461 2522 Aptant
1481 2483 1527 2521 φι
1614 2469 1742 2523 super]

223 2540 366 2578 semper
384 2541 410 2565 u
525 2533 545 2563 4
575 2529 707 2566 Fusfist
727 2540 772 2566 π1
801 2530 936 2567 Fusum
957 2535 1013 2567 est
1033 2541 1079 2566 π2
1099 2533 1186 2566 cett.
1302 2532 1323 2565 5
1353 2530 1476 2567 inuide
1497 2529 1569 2565 AB
1597 2530 1680 2566 inde
1700 2539 1745 2566 m

334 2585 556 2634 carthaginis
579 2585 599 2621 λ
629 2587 823 2635 cartaginis
845 2587 877 2622 A
908 2587 1104 2635 kartaginis
1126 2586 1280 2635 BFymc
1403 2588 1425 2622 6
1454 2596 1582 2622 urerer
1602 2585 1635 2621 A
1665 2597 1746 2622 uer-

226 2647 318 2679 teret
339 2654 369 2678 ω
481 2645 500 2676 7
530 2642 736 2679 hrittannus
756 2641 838 2692 γλΑ
846 2654 947 2680 corr.
1063 2645 1107 2678 10
1135 2643 1258 2679 dextra
1278 2641 1311 2678 Α
1435 2644 1478 2676 12
1505 2642 1666 2690 anuam
1687 2640 1747 2678 Bi.

223 2700 414 2747 Nunquam
435 2710 465 2734 ω
478 2697 549 2746 (ed.
574 2699 662 2734 Ven.
681 2698 781 2747 1490)
799 2698 925 2737 Bentl.
948 2699 1144 2746 Hauptius
1161 2698 1318 2735 Peerlk..
1332 2699 1399 2734 alii
1553 2695 1660 2749 feris]
1684 2710 1746 2747 ge·

224 2768 293 2792 nus
314 2756 519 2791 Lambinus
653 2757 694 2790 13
726 2766 852 2792 caecos
872 2768 920 2805 γχ
936 2755 972 2804 (9
989 2757 1188 2803 Arqentor.
1208 2754 1263 2795 II,
1285 2755 1359 2791 duo
1378 2755 1487 2792 codd.
1513 2754 1694 2791 Torrenti
1710 2747 1750 2791 et*

168 2854 170 2856 ,
225 2823 326 2848 unus
346 2812 474 2858 reyiae
494 2812 685 2848 societatis
704 2809 877 2863 Londini)
902 2813 1025 2849 Bentl.
1057 2823 1164 2848 cecus
1184 2822 1354 2859 παγαανῖ.
1385 2822 1514 2848 caecus
1534 2811 1618 2848 rell.
1641 2810 1742 2858 Pph.

339 2870 381 2903 15
402 2867 504 2905 albus
524 2879 587 2904 ora
615 2867 733 2917 pallor
753 2864 1120 2918 ΑΒλχ(9Ῐε)Αο.ΡΡΙι.
