1846 3204
250 163 303 204 78
806 177 965 204 HORATI
985 176 1200 204 CARMINVM

363 298 479 336 quam
509 298 583 325 nec
612 287 718 326 ferre
747 287 890 339 pedem
921 286 1103 325 dedecuit
1132 285 1264 325 choris

361 372 435 398 nec
465 364 618 399 certare
647 360 735 398 ioco
765 372 837 398 nec
867 359 961 398 dare
990 358 1171 398 bracchia

359 431 560 471 ludentem
591 432 724 471 nitidis
753 431 975 483 uirginibus
1005 444 1118 470 sacro

451 505 594 544 Dianae
625 504 793 544 celebris
823 504 898 543 die.
1709 507 1762 548 20

360 590 455 617 num
486 582 527 616 tu
559 589 658 628 quae
688 578 814 616 tenuit
843 577 954 616 diues
983 576 1251 616 Achaemenes

361 654 428 689 aut
456 651 613 702 pinguis
642 650 835 702 Phrygiae
866 649 1093 702 Mygdonias
1124 658 1220 700 opes

359 727 586 774 permutare
618 723 717 762 uelis
748 724 857 762 crine
887 722 1124 774 Licymniae,

450 796 587 848 plenas
618 800 685 835 aut
713 795 887 835 Arabum
917 795 1068 840 domos,

360 881 450 908 cum
479 868 682 920 flagrantia
712 869 922 918 detorquet
952 868 998 906 ad
1030 867 1161 907 oscula
1708 871 1761 911 25

361 942 571 986 ceruicem,
604 946 670 980 aut
699 941 802 980 facili
833 941 998 980 saeuitia
1026 945 1154 990 negat,

361 1025 461 1063 quae
490 1018 679 1064 poscente
710 1014 834 1064 magis
863 1012 1031 1063 gaudeat
1061 1013 1172 1064 eripi,

448 1086 648 1125 interdum
678 1098 821 1138 rapere
851 1086 1040 1137 occupet?

946 1311 1058 1349 XIII

358 1399 428 1438 llle
459 1403 499 1438 et
528 1399 679 1438 nefasto
710 1403 748 1438 te
779 1401 911 1451 posuit
941 1399 1003 1438 die

359 1474 598 1523 quicumque
628 1473 813 1523 primum,
847 1477 885 1510 et
915 1471 1106 1523 sacrilega
1136 1484 1255 1512 manu

414 1545 614 1597 produxit,
647 1544 776 1591 arbos,
808 1545 849 1584 in
879 1549 1069 1597 nepotum

246 1714 514 1742 TESTIMONIA.

334 1781 371 1812 II
397 1782 448 1813 13.
499 1781 516 1811 1
543 1790 677 1822 praem.
705 1779 836 1812 ‘tertia
861 1779 1003 1812 decima
1028 1780 1113 1813 ode'
1138 1780 1302 1815 Diomed.
1327 1782 1393 1814 524

243 1939 372 1968 VARIA
390 1939 555 1966 LEcmo.

357 2010 398 2042 17
430 2007 599 2044 dedocuit
619 2017 663 2043 m
750 2009 793 2042 18
813 2006 955 2043 brachia
977 2005 1020 2042 Ω,
1106 2009 1147 2041 21
1180 2003 1290 2057 quae]
1315 2019 1422 2061 quem
1442 2019 1463 2043 τ
1548 2009 1760 2046 achemenes

243 2064 299 2100 Fr
310 2064 375 2100 Ac.
425 2065 627 2100 achimenes
647 2074 805 2099 uncorr.
856 2063 1057 2099 achemenis
1078 2062 1221 2109 Porpk.
1270 2063 1493 2100 archemenis
1513 2075 1605 2110 πρν.
1716 2068 1760 2100 22

243 2121 398 2168 pingues
419 2119 506 2155 A1B
527 2119 656 2155 Seruii
673 2121 754 2156 cod.
767 2118 906 2155 Cassel.
930 2130 1016 2165 opp.
1029 2119 1118 2155 Aer.
1140 2123 1177 2154 et
1195 2119 1301 2167 sclay
1401 2121 1565 2168 phrigiae
1586 2121 1667 2157 Aru
1696 2121 1760 2157 fri-

244 2177 324 2224 giae
344 2176 420 2212 BF
520 2176 721 2224 migdonias
749 2175 900 2211 ABmu
920 2177 1008 2211 Aer.
1057 2174 1253 2211 micdonias
1282 2187 1306 2224 γ
1425 2178 1469 2211 23
1498 2175 1676 2213 licimniae
1697 2178 1760 2213 Απ

243 2232 387 2278 Porph.
439 2232 629 2280 lycimniae
649 2232 706 2267 Fi:
754 2231 886 2285 licynie
905 2230 925 2266 λ
972 2231 1094 2285 licinie
1116 2242 1140 2266 u
1189 2231 1365 2284 lycymnie
1384 2232 1483 2278 Pph.
1598 2235 1642 2267 25
1670 2233 1759 2269 Dum

242 2284 536 2337 Επχωθσρήρε)
558 2282 633 2323 non
655 2287 685 2323 G
706 2288 773 2323 Ac.
796 2289 885 2323 Aer.
906 2291 943 2323 et
961 2287 1067 2336 sehr
1087 2287 1185 2333 Pplz.
1298 2287 1488 2336 ssagrancia
1509 2286 1530 2322 λ
1567 2287 1759 2336 fraglantia

242 2354 316 2380 um
335 2344 448 2390 schsp
468 2345 629 2389 interpr.
653 2344 913 2387 ‘redolentia',
936 2354 1020 2395 opp3
1042 2343 1149 2391 sch.y
1170 2343 1382 2388 [flagrantia
1399 2356 1494 2379 omn.
1515 2344 1663 2389 Bland]

243 2395 428 2458 detorquet
449 2410 487 2446 A
571 2412 615 2445 26
637 2411 766 2451 seuitia
787 2410 847 2446 Au
882 2410 1036 2446 saeuicia
1056 2421 1075 2444 τ
1161 2413 1205 2444 27
1225 2415 1417 2458 posscente
1436 2421 1457 2446 τ
1541 2413 1586 2446 28
1606 2415 1758 2460 occupet

244 2464 489 2516 Ως(αβσηρε)
509 2467 614 2515 ,why
636 2466 778 2513 Porph.
811 2470 964 2514 occupat
983 2464 1282 2514 Α2χ(θμ91ιυρν.)
1303 2470 1498 2504 comment.
1519 2467 1644 2505 Bentl.

355 2551 403 2592 II
433 2551 497 2592 13.
556 2556 611 2591 AD
638 2556 840 2592 ARBOREM
867 2555 960 2591 ΑΒπ
1016 2555 1070 2590 AD
1098 2555 1301 2592 ARBOREM
1328 2555 1451 2592 CVlVS
1480 2555 1591 2592 CASV
1615 2555 1756 2592 PAENE

245 2609 366 2661 (PENE
390 2611 445 2657 λψ
473 2611 613 2647 ΡΟΕΝΕ
634 2608 671 2660 γ)
693 2611 904 2648 ΡΕΒΙΕΒΑΤ
927 2608 1021 2658 (rell.
1043 2621 1114 2646 om.
1136 2609 1172 2659 γ)
1194 2611 1337 2656 A1QVA
1357 2610 1610 2648 OPPRESSVM
1631 2611 1757 2648 LITVS

242 2667 499 2704 EXECRATVR
522 2666 761 2716 (EXECATVR
778 2666 810 2714 λ)
825 2667 908 2716 Εγλ
983 2669 1001 2701 1
1024 2667 1137 2707 Illum,
1157 2671 1194 2702 et
1209 2667 1350 2703 nefasto
1371 2667 1419 2703 Ν.
1430 2666 1613 2703 Heinsius
1641 2667 1756 2709 Illum,

244 2735 278 2763 o,
299 2723 440 2760 nefasto
461 2723 586 2759 Bentz.
634 2723 737 2758 lllum
757 2723 898 2760 nefasto
920 2724 1188 2759 Buttmannus.
1251 2723 1344 2759 Tota
1363 2722 1523 2769 stropha
1549 2723 1758 2760 damnatur

243 2779 394 2815 Peerlk.
418 2780 598 2825 Gruppeo
617 2778 773 2815 Prienio
801 2780 906 2815 aliis.-
933 2782 1071 2816 contra
1097 2778 1305 2826 synchysin
1333 2783 1374 2815 ut
1397 2778 1567 2826 formam
1594 2789 1756 2816 execra-

243 2836 406 2872 tionibus
421 2836 557 2882 optime
571 2835 854 2871 conuenientem
870 2835 1039 2883 defendit
1050 2835 1303 2872 Doederlinus
1319 2853 1324 2859 ·
1380 2834 1460 2872 nef:
1481 2831 1537 2885 te]
1559 2835 1698 2872 nefaste
1718 2833 1757 2870 B
