1846 3204
215 188 297 230 100
775 202 930 229 HORATI
952 201 1169 230 oARmNVM

326 313 476 352 Iunone
507 312 627 352 diuis:
663 312 792 358 ‘Ili0n‚
825 313 923 352 Ilion

381 385 508 425 fatalis
537 387 791 436 incestusque
820 386 938 425 iudex

436 463 474 497 et
503 458 646 498 mulier
674 460 882 510 peregrina
915 460 1036 497 uertit
1676 462 1730 502 20

325 532 364 570 in
394 531 616 583 puluerem,
650 544 697 570 ex
728 543 805 582 quo
836 532 1012 570 destituit
1042 531 1137 570 deos

324 605 508 643 mercede
537 609 677 656 pancta
711 604 944 649 Laomedon,
977 603 1072 642 mihi

380 683 590 728 castaeque
619 678 845 717 damnatum
877 678 1077 716 Mineruae

433 763 521 789 cum
553 750 700 802 populo
733 755 771 789 et
802 751 901 789 duce
931 750 1196 789 fraudulento.

322 824 397 862 iam
430 836 504 862 nec
534 824 733 862 Lacaenae
764 823 944 875 splendet
975 823 1175 862 adulterae
1675 826 1727 867 25

321 897 496 936 famosus
527 896 670 948 hospes
701 908 772 935 nec
802 897 948 935 Priami
978 896 1119 935 domus

377 971 536 1020 periura
567 981 767 1020 pugnaces
797 969 968 1008 Achiuos

429 1042 636 1081 Hectoreis
668 1042 811 1094 opibus
840 1043 1034 1093 refringit,

321 1118 546 1166 nostrisque
578 1115 741 1155 ductum
771 1115 1029 1155 seditionibus

321 1188 469 1227 bellum
501 1188 668 1228 resedit:
701 1190 883 1240 protinus
914 1194 952 1227 et
982 1190 1115 1240 grauis
1673 1193 1726 1234 30

375 1263 454 1301 iras
485 1266 524 1300 et
552 1263 723 1301 inuisum
756 1267 953 1314 nepotem,

428 1335 569 1374 Troica
603 1347 721 1385 quem
751 1337 908 1387 peperit
937 1336 1133 1381 sacerdos,

320 1408 432 1448 Marti
463 1408 684 1452 redonabo;
718 1408 828 1447 illum
861 1421 932 1460 ego
962 1409 1111 1448 lucidas

318 1483 419 1521 inire
450 1481 577 1527 sedes,
611 1482 763 1521 discere
793 1484 964 1521 nectaris

376 1568 492 1594 sucos
524 1560 563 1594 et
593 1555 764 1595 adscribi
794 1557 936 1606 quietis
1669 1560 1722 1601 35

426 1628 631 1668 ordinibus
659 1630 786 1680 patiar
816 1629 995 1670 deorum.

317 1701 410 1741 dum
440 1702 582 1752 longus
610 1703 715 1741 inter
745 1703 895 1742 saeuiat
924 1703 1020 1741 Ilion

316 1775 561 1826 Romanique
590 1780 749 1827 pontus,
782 1775 955 1826 qualibet
986 1775 1121 1814 exules

370 1850 412 1888 in
440 1854 554 1900 parte
584 1853 775 1900 regnanto
806 1848 931 1894 beati;

203 1996 470 2024 TESTIMONIA.

294 2052 336 2084 18
360 2061 414 2093 sq.
440 2050 555 2084 ‘Ilion
571 2069 615 2074 —
632 2050 757 2083 iudex'
781 2051 916 2094 Porph.
942 2051 988 2083 ad
1015 2052 1119 2093 epist.
1145 2051 1181 2084 II
1207 2053 1238 2094 1,
1266 2053 1305 2084 11

199 2200 327 2227 VARIA
346 2199 509 2227 LEOTIO.

315 2259 358 2292 18
388 2256 482 2293 diuis
503 2257 535 2292 A
641 2257 730 2293 ilion
751 2257 813 2293 ion
832 2266 877 2292 m
992 2258 1032 2291 21
1066 2267 1136 2304 qua
1156 2255 1427 2292 Lachmannus
1519 2255 1677 2292 distituit
1696 2268 1718 2292 τ

200 2314 336 2349 destuit
356 2318 406 2359 ψι
492 2316 535 2348 22
556 2318 684 2361 paneta
704 2314 836 2359 Aapr.
881 2317 987 2360 pacta
1008 2310 1051 2348 Ω,
1071 2312 1245 2348 Ac.corr.
1332 2312 1522 2348 laumedon
1544 2314 1592 2348 A1
1612 2312 1718 2361 why

199 2380 276 2405 uno
297 2370 377 2405 loco
398 2373 467 2405 aut
484 2381 548 2415 pr.
572 2374 640 2405 aut
658 2380 760 2405 corr.
785 2368 886 2416 (opp.
908 2369 1053 2404 duobus
1074 2369 1159 2404 aliis
1178 2363 1281 2416 locis)
1304 2365 1379 2417 χ(α)
1476 2370 1520 2403 23
1549 2368 1718 2416 dampna-

202 2431 277 2461 tum
299 2429 383 2472 φψ2
431 2425 623 2461 dannatum
643 2436 668 2461 u
717 2425 917 2461 damnatam
938 2425 1062 2460 Bentl.
1082 2428 1118 2460 et
1138 2424 1410 2460 Lachmannus
1513 2424 1676 2461 minerue
1696 2437 1717 2460 τ

285 2483 330 2515 24
359 2481 495 2529 popolo
518 2482 538 2516 λ
624 2477 853 2517 fraudolento
873 2481 942 2517 Ac.
1051 2492 1116 2516 uu.
1138 2482 1283 2515 25-28
1303 2482 1374 2517 del.
1397 2480 1589 2516 Linlcerus
1673 2483 1717 2514 25
1754 2475 1757 2478 ’

199 2537 345 2573 lacenae
366 2536 506 2585 Αλτψη
555 2537 678 2574 lacene
698 2550 729 2584 φ
776 2539 909 2593 lacene
929 2548 959 2573 π
1071 2539 1114 2571 27
1143 2537 1212 2573 Per
1231 2537 1310 2573 iura
1330 2537 1390 2586 Fy
1437 2537 1564 2573 Peiura
1583 2548 1603 2572 τ

200 2595 244 2628 28
263 2593 472 2630 Haectoreis
492 2592 573 2642 Εγλ
594 2594 660 2630 Ac.
776 2595 820 2628 29
849 2592 1092 2630 sedicionibus
1113 2592 1134 2628 λ
1247 2595 1291 2628 30
1320 2603 1450 2641 graues
1470 2593 1582 2628 qu
1672 2594 1715 2628 32

201 2650 307 2686 Troia
329 2649 511 2685 Heinsius
531 2654 567 2685 et
587 2649 713 2685 Benll.
800 2651 844 2685 33
876 2661 944 2698 ego
966 2661 1035 2686 om.
1056 2660 1077 2684 τ
1171 2650 1214 2683 34
1244 2649 1383 2685 discere
1403 2649 1568 2696 Fymag
1582 2646 1714 2694 Ac.pr.
1775 2650 1824 2691 *q*

200 2705 344 2752 Por-ph.
367 2706 418 2742 A2
465 2706 594 2742 ducere
623 2704 1148 2754 Αιλγααν.χ(θσ1υ)ᾼσ.οονν.
1176 2705 1283 2753 sch.y
1312 2703 1501 2752 (‘deorum
1529 2705 1717 2740 conuiuiis

199 2763 311 2797 etiam
331 2763 515 2798 interesse
528 2763 770 2808 permittam'
793 2764 881 2798 Aer.
906 2766 941 2798 et
961 2757 1081 2810 sch.’y)
1104 2765 1299 2797 comment.
1327 2758 1329 2760 ’
1388 2762 1431 2796 35
1453 2760 1568 2797 Sueus
1587 2772 1607 2796 τ
1629 2760 1715 2797 Suc-

201 2829 263 2854 cos
285 2817 332 2854 λιι
438 2818 587 2855 asscribi
607 2830 632 2855 u
678 2817 808 2854 ascribi
830 2818 885 2854 Αλ
999 2819 1043 2853 36
1071 2818 1192 2866 paciar
1211 2817 1266 2853 Fv
1380 2818 1421 2852 37
1455 2817 1571 2853 seuiat
1591 2817 1714 2864 Απφιι

293 2876 336 2909 38
354 2880 485 2922 portus
505 2886 530 2911 u
617 2874 743 2930 exules
766 2874 786 2909 λ
872 2877 916 2911 39
935 2873 1118 2922 regnando
1139 2874 1178 2910 F
1342 2881 1347 2887 ’
