1846 3216
755 183 836 210 Lm.
857 183 936 210 1111.
957 184 1024 211 2-4
1563 166 1644 210 159

236 294 386 334 Romae
415 295 608 346 principis
637 293 798 333 urbium

294 368 479 419 dignatur
509 367 670 407 suboles
699 368 805 407 inter
836 366 1014 406 amabilis

238 446 376 481 uatum
404 453 555 493 ponere
586 453 649 480 me
679 440 837 486 choros,
1600 445 1652 484 15

295 519 335 554 et
362 516 440 554 iam
471 514 590 554 dente
619 515 751 554 minus
782 514 969 554 mordeor
999 514 1147 553 inuido.

241 600 263 626 ο
293 587 504 627 testudinis
534 578 679 627 aureae

297 660 454 700 dulcem
485 672 585 712 quae
615 661 838 713 strepitum,
869 661 988 706 Pieri,
1020 665 1233 713 temperas,

241 747 264 773 0
294 736 414 774 mutis
444 746 603 786 quoque
632 735 810 787 piscibus

298 807 492 848 donatura
522 809 648 861 cygni,
682 809 715 847 si
744 808 876 854 libeat,
909 821 1064 854 sonum,
1602 811 1653 850 20

244 886 371 920 totum
401 883 579 922 muneris
608 881 684 922 hoc
713 883 822 928 tuist,

302 953 407 1006 qu‘od
437 961 639 996 monstror
669 956 791 1007 digito
821 958 1161 1008 praetereuntium

243 1029 444 1069 Romanae
473 1030 614 1069 fidicen
644 1030 772 1082 lyrae:

301 1103 407 1153 quod
438 1104 545 1154 spiro
577 1108 616 1142 et
645 1103 795 1155 placeo,
827 1105 861 1143 si
890 1103 1042 1155 placeo,
1077 1109 1240 1143 tuumst.

848 1320 940 1358 1111

245 1396 411 1444 Qualem
441 1398 667 1436 ministrum
698 1396 875 1437 fulminis
905 1397 1050 1443 alitem,

245 1472 308 1510 cui
338 1483 411 1510 rex
435 1470 609 1517 *deorum
638 1482 807 1522 regnum
836 1472 878 1510 in
907 1473 993 1510 auis
1023 1483 1143 1522 uagas

299 1545 480 1596 permisit
510 1548 700 1596 expertus
729 1544 886 1584 fidelem

352 1618 531 1670 Iuppiter
560 1619 601 1657 in
632 1618 857 1671 Ganymede
887 1619 1004 1664 flauo,

245 1691 339 1731 olim
367 1693 552 1731 iuuentas
583 1696 622 1731 et
650 1693 804 1744 patrius
840 1694 953 1743 uigor
1014 1716 1018 1718 ν
1633 1697 1657 1734 5

246 1765 338 1804 nido
367 1765 550 1804 laborum
579 1765 759 1817 propulit
786 1766 967 1810 inscium,

133 1927 187 1952 ΤΕ
192 1925 404 1952 STmONIA.

227 1993 269 2024 18
295 1990 398 2023 Seru.
425 1990 471 2022 ad
497 1990 566 2023 ecl.
594 1992 624 2032 1,
650 1992 693 2024 37
747 1992 789 2022 21
815 2000 871 2032 sq.
897 1990 997 2023 ‘Hor.
1023 1990 1087 2023 lib.
1113 1990 1189 2022 IIII
1214 1991 1414 2023 carminum
1439 1991 1494 2023 sie
1517 1993 1667 2033 posuit:

135 2039 252 2070 totum
266 2054 308 2059 -—
324 2036 649 2078 praetereuntium'
674 2035 791 2070 schol.
814 2036 917 2068 Pers.
945 2038 975 2078 1,
1001 2037 1045 2068 28

230 2081 306 2114 1111
328 2082 362 2115 4.
411 2083 430 2114 1
454 2081 587 2124 Porph.
614 2081 662 2113 ad
686 2080 790 2124 epod.
817 2082 877 2123 10,
904 2083 934 2114 1.
966 2092 1105 2124 praem.
1131 2081 1276 2123 ‘quarta
1300 2081 1380 2114 ode'
1403 2081 1570 2115 Diomed.
1595 2084 1660 2115 527

135 2231 264 2260 VAMA
275 2230 447 2258 LEGTIO.

137 2311 202 2336 uu.
222 2301 369 2335 13-—16
388 2300 459 2336 del.
480 2291 632 2336 Peerlk.
730 2302 774 2335 14
794 2299 940 2336 soboles
962 2299 1081 2340 αὕτη,
1103 2310 1179 2335 non
1200 2299 1346 2346 Porph.
1379 2301 1417 2345 [3
1437 2301 1586 2345 Bland.]

140 2356 303 2393 amabilis
323 2353 424 2406 7202)
446 2355 617 2393 amabiles
637 2360 722 2392 cett.
787 2358 830 2392 16
850 2356 1019 2393 mordeor
1038 2367 1108 2392 om.
1132 2356 1152 2391 λ
1211 2358 1252 2391 17
1274 2366 1381 2409 auree
1398 2357 1431 2392 A
1502 2359 1546 2392 18
1565 2362 1660 2412 εῖτ-ς,-

140 2414 218 2461 ρίιῦ
235 2424 266 2448 π
336 2413 440 2461 piieri
471 2425 502 2459 φ
605 2415 650 2448 20
670 2414 778 2462 cygni
799 2412 850 2449 λπ
870 2413 967 2461 cigui
987 2417 1072 2449 cett.
1171 2415 1214 2447 21
1237 2414 1292 2448 tui
1311 2424 1341 2448 π
1425 2414 1516 2450 tuist
1536 2414 1658 2450 Lacte-

139 2479 305 2506 mamzus
335 2470 388 2505 tui
409 2475 465 2505 est
485 2467 528 2504 ,Ω
614 2471 658 2505 23
676 2469 741 2527 lire
762 2481 788 2506 u
873 2473 919 2504 24
938 2481 1046 2517 spero
1066 2481 1097 2505 π
1174 2475 1313 2506 tuumst
1333 2470 1605 2507 Lachmannus

138 2531 242 2563 tuum
262 2531 317 2562 est
338 2523 381 2561 Ω.

165 2617 171 2623 ,
254 2576 351 2619 IIII
378 2577 420 2618 4.
479 2583 535 2618 AD
556 2582 700 2619 VRBEM
719 2582 935 2619 ROMANAM
952 2579 1118 2630 (ROMAM
1137 2582 1175 2631 y)
1203 2583 1256 2619 DE
1271 2583 1415 2620 INDOLI
1433 2582 1601 2630 (INDOLE
1622 2581 1659 2632 γ)

141 2639 296 2675 DVCVM.
312 2638 672 2675 PROSPHONETICE
694 2638 1012 2675 ENCOMIASTICE
1034 2639 1321 2676 TETRACOLOS
1341 2640 1480 2687 ΑΒγλ,
1511 2640 1596 2675 acld.
1619 2638 1660 2674 λε

141 2694 186 2730 IN
205 2694 329 2731 DRVSI
347 2695 532 2732 NERONIS
553 2695 784 2732 VIRTVTEM.
845 2695 888 2731 IN
906 2694 1029 2731 DRVSI
1048 2696 1232 2732 NERONIS
1255 2696 1475 2732 VIRTVTEM
1497 2696 1534 2730 F
1595 2707 1659 2731 uu.

143 2753 254 2787 2—6.
275 2752 347 2787 del.
366 2751 520 2793 Peerlk,
630 2755 651 2786 2
671 2763 757 2788 aues
779 2751 887 2800 Αγλα
979 2755 1002 2786 4
1020 2752 1158 2800 Iupiter
1177 2753 1215 2788 F
1269 2752 1481 2801 ganiymede
1497 2751 1533 2786 B
1561 2753 1662 2799 gani-
1698 2763 1701 2767 ·

145 2807 246 2843 mede
266 2807 404 2855 Αγλπιι
517 2811 538 2843 5
560 2808 663 2856 Olym
682 2814 718 2855 ψ
792 2809 963 2844 iumentis
982 2808 1020 2844 B
1094 2814 1245 2858 patruus
1265 2821 1291 2845 u
1387 2810 1408 2842 6
1428 2809 1528 2844 redit
1546 2819 1567 2843 τ

145 2863 308 2912 propulit
343 2860 819 2912 ylwuzfflflpquvmuar.)
847 2858 885 2909 [2
917 2864 1066 2908 Bland.]
1162 2865 1316 2913 protulit
1347 2864 1661 2912 ABFtquar.x
