1884 3190
917 215 961 241 XI

205 342 230 366 u
260 345 318 364 =
347 327 476 368 codex
490 327 703 366 Parisinus
719 329 808 364 7973
829 340 935 366 saec.
956 325 999 364 X
1021 325 1116 364 olim
1132 326 1402 377 Danielinus3
1426 326 1581 366 contuli
1597 327 1700 379 ipse.

346 397 472 435 Hunc
492 395 674 435 codicem
695 409 746 435 ex
765 394 1130 434 Benedictinorum
1159 393 1336 446 quodam
1357 395 1602 434 monasterio
1625 395 1701 434 ori-

346 465 483 517 ginem
503 464 680 504 traxisse
693 462 902 503 Holderus
923 462 1023 502 inde
1043 456 1255 510 conclusit,
1281 462 1392 515 quod
1413 463 1457 501 in
1479 464 1610 515 prima
1630 477 1700 514 pa-

347 533 444 584 gina
464 532 717 583 adscriptum
736 531 864 570 uidit:
886 530 926 569 S.
948 531 1133 570 Benoist.

197 602 228 639 G
257 616 314 634 =
342 599 474 640 codex
495 599 805 640 Gemblacensis
826 599 990 650 collegii
1010 586 1212 647 uetustus,
1234 595 1459 637 Pulmanni
1481 599 1531 639 Gr.

200 682 237 718 V
259 697 317 716 ==
346 680 478 719 codex
497 679 746 719 Blandinius
769 679 839 732 qui
861 677 1007 717 dicitur
1036 678 1352 718 uetustissimus.

288 769 361 811 Ex
388 767 456 811 his
488 767 712 811 codicibus
745 765 917 809 selectis
947 766 1094 809 uarias
1126 764 1334 808 lectiones
1365 765 1412 807 in
1441 771 1703 823 apparatum

175 859 319 887 meum
347 849 602 899 recepturus
630 856 751 884 eram
781 856 954 896 omnes3
985 846 1176 882 ceterum
1197 839 1252 882 de
1273 839 1313 882 G
1334 845 1378 882 et
1397 839 1454 893 V,
1483 839 1570 881 nisi
1591 854 1703 895 quae

175 912 293 970 apud
312 911 601 954 Pulmannum
621 918 666 953 et
685 909 927 967 Cruquium
947 913 1100 951 notata
1120 913 1256 961 erant,
1287 906 1395 949 nihil
1415 907 1540 964 potui
1560 907 1702 950 edere.

175 987 408 1028 Praeterea
437 983 621 1027 aliorum·
651 998 822 1042 quoque
852 982 1052 1027 codicum
1079 982 1125 1024 in
1153 981 1282 1023 huius
1310 980 1542 1024 uoluminis
1573 996 1701 1023 usum

174 1060 369 1115 integras
402 1057 655 1101 collationes
686 1058 847 1114 partim
875 1057 962 1114 ipsi
981 1056 1182 1110 fecimus,
1212 1055 1373 1112 partim
1393 1055 1449 1098 ab
1481 1054 1579 1097 aliis
1601 1069 1698 1097 con-

174 1133 313 1176 fectas
344 1132 623 1175 adhibuimus
654 1131 844 1189 indeque
883 1131 944 1173 eis
983 1130 1111 1184 locis,
1157 1130 1232 1187 qui
1268 1129 1445 1172 maioris
1477 1128 1582 1170 mihi
1611 1144 1699 1171 mo-

172 1207 309 1249 menti
340 1221 436 1248 esse
466 1205 750 1259 uidebantur,
786 1205 934 1247 uarias
965 1204 1172 1247 lectiones
1209 1203 1404 1246 inuenies
1445 1209 1698 1260 excerptas3

174 1280 347 1324 codices
379 1285 525 1322 autem
555 1285 656 1322 sunt
683 1278 749 1320 hi:

200 1373 226 1396 α
253 1375 311 1392 =
339 1356 472 1396 codex
491 1356 811 1396 Barcinonensis
850 1355 939 1395 siue
958 1355 1195 1394 Heinianus
1225 1367 1332 1394 saec.
1353 1354 1555 1405 X—X13
1585 1369 1699 1394 secu-

339 1431 409 1464 tus
430 1439 520 1466 sum
549 1425 812 1465 collationem
831 1424 1117 1464 Ritterianam.

197 1504 225 1557 β
252 1522 310 1540 =
339 1506 469 1547 codex
489 1506 711 1545 Ber-nensis
732 1508 772 1542 21
796 1518 903 1551 saec,
924 1504 986 1555 X3
1017 1509 1181 1544 secutus
1210 1516 1299 1543 sum
1329 1503 1591 1543 collationem
1611 1503 1698 1542 Rit-

340 1575 551 1616 terianam.
1119 1565 1135 1579 ⁸
1215 1575 1218 1578 ⁴

199 1653 223 1692 ὅ
250 1670 308 1690 =
336 1655 488 1695 codicis
511 1655 659 1695 -nescio
697 1655 812 1693 cuius
843 1652 948 1706 [non
979 1649 1224 1704 Graeuiani]
1264 1652 1427 1692 collatio
1464 1651 1697 1699 Bielkiana,

340 1724 436 1764 olim
464 1738 489 1762 a
518 1722 778 1762 Broukhusio
810 1722 932 1761 facta.
1010 1722 1133 1760 Hanc
1171 1720 1434 1760 collationem
1462 1720 1697 1773 perbonam,

341 1806 464 1846 quam
485 1792 655 1831 illustris
674 1791 758 1838 uir,
788 1790 894 1829 liber
913 1790 1012 1829 baro
1036 1789 1087 1828 de
1107 1789 1322 1828 BIELKE
1351 1790 1385 1828 I.
1407 1790 1459 1828 V.
1480 1789 1554 1837 D.‚
1577 1789 1621 1826 in
1640 1788 1698 1827 lo-

343 1860 622 1912 cupletissima
643 1872 719 1897 sua
738 1857 989 1897 bibliotheca
1008 1858 1258 1904 Horatiana,
1299 1870 1407 1909 quae
1427 1862 1489 1896 est
1510 1856 1700 1908 Seiding-

351 1928 547 1976 stadtiae,
592 1933 638 1966 ut
670 1919 875 1975 κειμήλιον
912 1926 1125 1973 adseruat,
1171 1926 1356 1977 precanti
1385 1925 1484 1964 mihi
1519 1925 1700 1964 officiose

347 1996 547 2035 commisit
563 2001 603 2035 et
619 2008 693 2048 per
709 1994 897 2034 eximiam
911 1993 1023 2033 illius
1031 1993 1322 2032 liberalitatem
1337 1993 1507 2044 longum
1537 1998 1699 2045 tempus

340 2077 391 2104 ea
409 2063 509 2102 mihi
527 2063 645 2102 licuit
665 2063 740 2102 uti.

195 2145 227 2180 θ
256 2159 313 2176 =
342 2143 474 2182 codex
483 2142 767 2195 Sangallensis
787 2140 1122 2181 monasteriensis
1138 2143 1206 2178 864
1222 2153 1328 2179 saec.
1339 2140 1425 2190 XI;
1448 2140 1586 2180 deficit
1601 2140 1699 2179 inde

341 2226 366 2251 a
386 2225 418 2251 c.
439 2212 530 2250 IIII
553 2214 605 2260 ll,
629 2214 690 2261 363
723 2216 888 2250 secutus
906 2223 997 2249 sum
1017 2200 1278 2256 collationem
1299 2209 1584 2248 Ritterianam.

201 2306 230 2342 μ
258 2308 316 2326 =
346 2290 477 2330 codex
498 2280 1029 2342 Montepessulanussaec‚
1056 2289 1146 2328 XII
1176 2286 1279 2340 [non
1299 2301 1406 2328 saec.
1428 2288 1559 2327 VHII
1588 2288 1699 2341 quod

343 2359 413 2398 alii
440 2355 800 2409 adfirmauerunt];
825 2357 1000 2396 contulit
1019 2356 1242 2396 Holderus.
1300 2356 1382 2395 Hic
1409 2356 1541 2395 codex
1558 2362 1603 2395 ut
1623 2370 1697 2409 pu·
1758 2380 1761 2383 -

342 2426 449 2466 blice
476 2427 658 2466 Parisios
689 2425 939 2474 deferretur,
977 2439 1062 2465 non
1091 2426 1182 2464 sine
1215 2424 1354 2463 multis
1387 2423 1698 2463 difficultatibus

340 2494 707 2534 MICHELANTI
722 2508 847 2548 opera
863 2494 1058 2533 effectum
1075 2499 1148 2541 est,
1171 2493 1251 2532 uiri
1266 2492 1454 2545 plur-imis
1469 2498 1578 2532 certe
1597 2493 1696 2533 Ger-

341 2577 554 2603 manorum
574 2562 794 2615 philologis
816 2563 968 2614 optime
989 2563 1096 2611 noti,
1127 2575 1264 2614 neque
1284 2561 1414 2612 magis
1434 2560 1553 2610 inde,
1585 2561 1696 2614 quod

340 2633 383 2671 in
406 2631 615 2672 ueteribus
635 2630 958 2682 Francogallicis
978 2630 1124 2669 litteris
1144 2629 1287 2668 merito
1308 2629 1609 2669 uersatissimus
1625 2630 1694 2668 ha-

339 2700 480 2748 betur,
512 2713 635 2752 quam
655 2699 809 2751 insigni
830 2698 902 2738 illa
925 2699 1131 2746 comitate,
1164 2711 1246 2750 qua
1267 2698 1308 2735 in
1330 2697 1532 2750 imperiali
1551 2697 1694 2737 biblio-

338 2769 457 2808 theca
490 2773 693 2808 nostrates
728 2767 878 2806 assolet
908 2767 1119 2820 amplecti:
1154 2780 1230 2805 nos
1258 2766 1425 2817 quidem
1448 2761 1492 2805 'ei
1524 2767 1695 2818 gratiam

339 2837 492 2876 habere
513 2849 736 2888 numquam
757 2836 1006 2875 desinemus.

201 2917 222 2958 ρ
251 2919 308 2937 =
337 2904 468 2943 codex
486 2904 701 2942 Parisinus
722 2908 811 2940 8072
832 2916 936 2942 saec.
958 2903 1140 2942 x--XI
1160 2903 1255 2942 olim
1277 2903 1520 2953 Thuaueus3
1545 2902 1694 2941 desunt
