<?xml version="1.0" encoding="UTF-8"?>
<!DOCTYPE html PUBLIC "-//W3C//DTD XHTML 1.0 Transitional//EN"
    "http://www.w3.org/TR/xhtml1/DTD/xhtml1-transitional.dtd">
<html xmlns="http://www.w3.org/1999/xhtml" xml:lang="en" lang="en">
 <head>
  <title>
</title>
<meta http-equiv="Content-Type" content="text/html;charset=utf-8" />
  <meta name='ocr-system' content='tesseract 3.04.00' />
  <meta name='ocr-capabilities' content='ocr_page ocr_carea ocr_par ocr_line ocrx_word'/>
</head>
<body>
  <div class='ocr_page' id='page_1' title='image "./horaceoperateub01horauoft_0049.png"; bbox 0 0 1826 3204; ppageno 0'>
   <div class='ocr_carea' id='block_1_1' title="bbox 757 145 1644 188">
    <p class='ocr_par' dir='ltr' id='par_1_1' title="bbox 757 145 1644 188">
     <span class='ocr_line' id='line_1_1' title="bbox 757 145 1644 188; baseline -0.001 -1"><span class='ocrx_word' id='word_1_1' title='bbox 757 160 839 187; x_wconf 75' lang='lat' dir='ltr'><strong>Lm.</strong></span> <span class='ocrx_word' id='word_1_2' title='bbox 860 160 887 186; x_wconf 90' lang='lat'><strong>1.</strong></span> <span class='ocrx_word' id='word_1_3' title='bbox 910 161 1008 188; x_wconf 81' lang='lat'>16—17</span> <span class='ocrx_word' id='word_1_4' title='bbox 1590 145 1644 186; x_wconf 88' lang='grc'><strong>31</strong></span> 
     </span>
    </p>
   </div>
   <div class='ocr_carea' id='block_1_2' title="bbox 223 270 1644 1277">
    <p class='ocr_par' dir='ltr' id='par_1_2' title="bbox 223 270 1644 1277">
     <span class='ocr_line' id='line_1_2' title="bbox 290 270 1644 313; baseline 0.001 -3"><span class='ocrx_word' id='word_1_5' title='bbox 290 271 487 311; x_wconf 82' lang='lat' dir='ltr'><strong>desectam</strong></span> <span class='ocrx_word' id='word_1_6' title='bbox 519 275 558 310; x_wconf 91' lang='lat' dir='ltr'><strong>et</strong></span> <span class='ocrx_word' id='word_1_7' title='bbox 586 271 715 311; x_wconf 87' lang='lat' dir='ltr'><strong>insani</strong></span> <span class='ocrx_word' id='word_1_8' title='bbox 743 270 869 310; x_wconf 90' lang='lat' dir='ltr'><strong>leonis</strong></span> <span class='ocrx_word' id='word_1_9' title='bbox 1593 275 1644 313; x_wconf 87' lang='lat'><strong>15</strong></span> 
     </span>
     <span class='ocr_line' id='line_1_3' title="bbox 344 343 1100 396; baseline -0.004 -12"><span class='ocrx_word' id='word_1_10' title='bbox 344 346 424 384; x_wconf 92' lang='lat' dir='ltr'><strong>uim</strong></span> <span class='ocrx_word' id='word_1_11' title='bbox 454 343 658 394; x_wconf 81' lang='lat' dir='ltr'><strong>stomacho</strong></span> <span class='ocrx_word' id='word_1_12' title='bbox 688 345 920 396; x_wconf 90' lang='lat' dir='ltr'><strong>apposuisse</strong></span> <span class='ocrx_word' id='word_1_13' title='bbox 950 347 1100 382; x_wconf 89' lang='lat' dir='ltr'><strong>nostro.</strong></span> 
     </span>
     <span class='ocr_line' id='line_1_4' title="bbox 232 417 835 471; baseline -0.002 -14"><span class='ocrx_word' id='word_1_14' title='bbox 232 422 315 458; x_wconf 84' lang='lat' dir='ltr'><strong>irae</strong></span> <span class='ocrx_word' id='word_1_15' title='bbox 344 417 543 471; x_wconf 79' lang='lat' dir='ltr'><strong>Thyesten</strong></span> <span class='ocrx_word' id='word_1_16' title='bbox 574 418 692 457; x_wconf 88' lang='lat' dir='ltr'><strong>exitio</strong></span> <span class='ocrx_word' id='word_1_17' title='bbox 721 418 835 468; x_wconf 86' lang='lat' dir='ltr'><strong>graui</strong></span> 
     </span>
     <span class='ocr_line' id='line_1_5' title="bbox 233 489 1000 537; baseline -0.003 -6"><span class='ocrx_word' id='word_1_18' title='bbox 233 495 424 537; x_wconf 88' lang='lat' dir='ltr'><strong>strauere,</strong></span> <span class='ocrx_word' id='word_1_19' title='bbox 459 495 498 530; x_wconf 89' lang='lat' dir='ltr'><strong>et</strong></span> <span class='ocrx_word' id='word_1_20' title='bbox 526 489 612 530; x_wconf 88' lang='lat' dir='ltr'><strong>altis</strong></span> <span class='ocrx_word' id='word_1_21' title='bbox 643 490 809 530; x_wconf 88' lang='lat' dir='ltr'><strong>urbibus</strong></span> <span class='ocrx_word' id='word_1_22' title='bbox 838 490 1000 529; x_wconf 85' lang='lat' dir='ltr'><strong>ultimae</strong></span> 
     </span>
     <span class='ocr_line' id='line_1_6' title="bbox 289 565 933 616; baseline -0.003 -12"><span class='ocrx_word' id='word_1_23' title='bbox 289 569 436 604; x_wconf 82' lang='lat' dir='ltr'><strong>stetere</strong></span> <span class='ocrx_word' id='word_1_24' title='bbox 466 577 620 610; x_wconf 82' lang='lat' dir='ltr'><strong>causae,</strong></span> <span class='ocrx_word' id='word_1_25' title='bbox 653 576 723 603; x_wconf 91' lang='lat' dir='ltr'><strong>cur</strong></span> <span class='ocrx_word' id='word_1_26' title='bbox 752 565 933 616; x_wconf 86' lang='lat' dir='ltr'><strong>perirent</strong></span> 
     </span>
     <span class='ocr_line' id='line_1_7' title="bbox 339 638 1643 689; baseline -0.002 -12"><span class='ocrx_word' id='word_1_27' title='bbox 339 638 516 677; x_wconf 80' lang='lat' dir='ltr'><strong>funditus</strong></span> <span class='ocrx_word' id='word_1_28' title='bbox 545 638 872 689; x_wconf 86' lang='lat' dir='ltr'><strong>imprimeretque</strong></span> <span class='ocrx_word' id='word_1_29' title='bbox 902 638 1028 676; x_wconf 92' lang='lat' dir='ltr'><strong>muris</strong></span> <span class='ocrx_word' id='word_1_30' title='bbox 1590 640 1643 680; x_wconf 84' lang='lat'><strong>20</strong></span> 
     </span>
     <span class='ocr_line' id='line_1_8' title="bbox 231 710 1024 750; baseline 0 0"><span class='ocrx_word' id='word_1_31' title='bbox 231 710 373 750; x_wconf 91' lang='lat' dir='ltr'><strong>hostile</strong></span> <span class='ocrx_word' id='word_1_32' title='bbox 404 716 577 750; x_wconf 84' lang='lat' dir='ltr'><strong>aratrum</strong></span> <span class='ocrx_word' id='word_1_33' title='bbox 609 712 808 750; x_wconf 87' lang='lat' dir='ltr'><strong>exercitus</strong></span> <span class='ocrx_word' id='word_1_34' title='bbox 836 710 1024 750; x_wconf 87' lang='lat' dir='ltr'><strong>insolens.</strong></span> 
     </span>
     <span class='ocr_line' id='line_1_9' title="bbox 223 784 1158 843; baseline -0.001 -20"><span class='ocrx_word' id='word_1_35' title='bbox 223 796 441 843; x_wconf 21' lang='lat' dir='ltr'><strong>&amp;compesce</strong></span> <span class='ocrx_word' id='word_1_36' title='bbox 471 789 665 823; x_wconf 88' lang='lat' dir='ltr'><strong>mentem:</strong></span> <span class='ocrx_word' id='word_1_37' title='bbox 698 796 762 823; x_wconf 90' lang='lat' dir='ltr'><strong>me</strong></span> <span class='ocrx_word' id='word_1_38' title='bbox 793 795 953 835; x_wconf 92' lang='lat' dir='ltr'><strong>quoque</strong></span> <span class='ocrx_word' id='word_1_39' title='bbox 983 784 1158 836; x_wconf 84' lang='lat' dir='ltr'><strong>pectoris</strong></span> 
     </span>
     <span class='ocr_line' id='line_1_10' title="bbox 285 857 892 910; baseline -0.002 -13"><span class='ocrx_word' id='word_1_40' title='bbox 285 859 494 910; x_wconf 87' lang='lat' dir='ltr'><strong>temptauit</strong></span> <span class='ocrx_word' id='word_1_41' title='bbox 522 859 562 897; x_wconf 92' lang='lat' dir='ltr'><strong>in</strong></span> <span class='ocrx_word' id='word_1_42' title='bbox 594 857 701 897; x_wconf 89' lang='lat' dir='ltr'><strong>dulci</strong></span> <span class='ocrx_word' id='word_1_43' title='bbox 729 859 892 897; x_wconf 86' lang='lat' dir='ltr'><strong>iuuenta</strong></span> 
     </span>
     <span class='ocr_line' id='line_1_11' title="bbox 337 930 978 971; baseline 0 -1"><span class='ocrx_word' id='word_1_44' title='bbox 337 932 475 971; x_wconf 82' lang='lat' dir='ltr'><strong>feruor</strong></span> <span class='ocrx_word' id='word_1_45' title='bbox 506 935 546 970; x_wconf 88' lang='lat' dir='ltr'><strong>et</strong></span> <span class='ocrx_word' id='word_1_46' title='bbox 573 932 612 970; x_wconf 88' lang='lat' dir='ltr'><strong>in</strong></span> <span class='ocrx_word' id='word_1_47' title='bbox 644 931 796 970; x_wconf 86' lang='lat' dir='ltr'><strong>celeres</strong></span> <span class='ocrx_word' id='word_1_48' title='bbox 824 930 978 971; x_wconf 91' lang='lat' dir='ltr'><strong>iambos</strong></span> 
     </span>
     <span class='ocr_line' id='line_1_12' title="bbox 230 1004 1640 1056; baseline -0.001 -12"><span class='ocrx_word' id='word_1_49' title='bbox 230 1006 335 1044; x_wconf 90' lang='lat' dir='ltr'><strong>misit</strong></span> <span class='ocrx_word' id='word_1_50' title='bbox 363 1006 582 1049; x_wconf 83' lang='lat' dir='ltr'><strong>furentem;</strong></span> <span class='ocrx_word' id='word_1_51' title='bbox 615 1017 721 1044; x_wconf 88' lang='lat' dir='ltr'><strong>nunc</strong></span> <span class='ocrx_word' id='word_1_52' title='bbox 752 1016 824 1056; x_wconf 86' lang='lat' dir='ltr'><strong>ego</strong></span> <span class='ocrx_word' id='word_1_53' title='bbox 854 1004 1016 1043; x_wconf 87' lang='lat' dir='ltr'><strong>mitibus</strong></span> <span class='ocrx_word' id='word_1_54' title='bbox 1587 1008 1640 1049; x_wconf 81' lang='lat'><strong>25</strong></span> 
     </span>
     <span class='ocr_line' id='line_1_13' title="bbox 229 1077 987 1129; baseline 0 -12"><span class='ocrx_word' id='word_1_55' title='bbox 229 1082 383 1118; x_wconf 83' lang='lat' dir='ltr'><strong>mutare</strong></span> <span class='ocrx_word' id='word_1_56' title='bbox 414 1090 563 1129; x_wconf 86' lang='lat' dir='ltr'><strong>quaero</strong></span> <span class='ocrx_word' id='word_1_57' title='bbox 592 1079 733 1124; x_wconf 88' lang='lat' dir='ltr'><strong>tristia,</strong></span> <span class='ocrx_word' id='word_1_58' title='bbox 766 1078 858 1118; x_wconf 91' lang='lat' dir='ltr'><strong>dum</strong></span> <span class='ocrx_word' id='word_1_59' title='bbox 891 1077 987 1117; x_wconf 92' lang='lat' dir='ltr'><strong>mihi</strong></span> 
     </span>
     <span class='ocr_line' id='line_1_14' title="bbox 284 1152 751 1191; baseline 0.002 -1"><span class='ocrx_word' id='word_1_60' title='bbox 284 1152 354 1191; x_wconf 86' lang='lat' dir='ltr'><strong>fias</strong></span> <span class='ocrx_word' id='word_1_61' title='bbox 383 1153 596 1191; x_wconf 83' lang='lat' dir='ltr'><strong>recantatis</strong></span> <span class='ocrx_word' id='word_1_62' title='bbox 627 1153 751 1191; x_wconf 87' lang='lat' dir='ltr'><strong>amica</strong></span> 
     </span>
     <span class='ocr_line' id='line_1_15' title="bbox 338 1224 1031 1277; baseline -0.001 -13"><span class='ocrx_word' id='word_1_63' title='bbox 338 1224 564 1277; x_wconf 90' lang='lat' dir='ltr'><strong>opprobriis</strong></span> <span class='ocrx_word' id='word_1_64' title='bbox 594 1226 847 1275; x_wconf 88' lang='lat' dir='ltr'><strong>animumque</strong></span> <span class='ocrx_word' id='word_1_65' title='bbox 877 1225 1031 1264; x_wconf 82' lang='lat' dir='ltr'><strong>reddas.</strong></span> 
     </span>
    </p>
   </div>
   <div class='ocr_carea' id='block_1_3' title="bbox 809 1419 936 1459">
    <p class='ocr_par' dir='ltr' id='par_1_3' title="bbox 809 1419 936 1459">
     <span class='ocr_line' id='line_1_16' title="bbox 809 1419 936 1459; baseline 0.016 -2"><span class='ocrx_word' id='word_1_66' title='bbox 809 1419 936 1459; x_wconf 89' lang='lat' dir='ltr'><strong>XVII</strong></span> 
     </span>
    </p>
   </div>
   <div class='ocr_carea' id='block_1_4' title="bbox 228 1495 1007 1623">
    <p class='ocr_par' dir='ltr' id='par_1_4' title="bbox 228 1495 1007 1623">
     <span class='ocr_line' id='line_1_17' title="bbox 228 1495 1007 1548; baseline 0 -12"><span class='ocrx_word' id='word_1_67' title='bbox 228 1495 350 1536; x_wconf 84' lang='lat' dir='ltr'><strong>Velox</strong></span> <span class='ocrx_word' id='word_1_68' title='bbox 381 1508 590 1536; x_wconf 88' lang='lat' dir='ltr'><strong>amoenum</strong></span> <span class='ocrx_word' id='word_1_69' title='bbox 620 1509 738 1548; x_wconf 87' lang='lat' dir='ltr'><strong>saepe</strong></span> <span class='ocrx_word' id='word_1_70' title='bbox 768 1497 1007 1536; x_wconf 85' lang='lat' dir='ltr'><strong>Lucretilem</strong></span> 
     </span>
     <span class='ocr_line' id='line_1_18' title="bbox 228 1569 976 1623; baseline 0.001 -15"><span class='ocrx_word' id='word_1_71' title='bbox 228 1574 355 1609; x_wconf 89' lang='lat' dir='ltr'><strong>mutat</strong></span> <span class='ocrx_word' id='word_1_72' title='bbox 383 1569 534 1623; x_wconf 80' lang='lat' dir='ltr'><strong>Lycaeo</strong></span> <span class='ocrx_word' id='word_1_73' title='bbox 564 1570 725 1610; x_wconf 84' lang='lat' dir='ltr'><strong>Faunus</strong></span> <span class='ocrx_word' id='word_1_74' title='bbox 755 1575 794 1610; x_wconf 91' lang='lat' dir='ltr'><strong>et</strong></span> <span class='ocrx_word' id='word_1_75' title='bbox 822 1572 976 1622; x_wconf 84' lang='lat' dir='ltr'><strong>igneam</strong></span> 
     </span>
    </p>
   </div>
   <div class='ocr_carea' id='block_1_5' title="bbox 117 1666 372 1673">
    <p class='ocr_par' dir='ltr' id='par_1_5' title="bbox 117 1666 372 1673">
     <span class='ocr_line' id='line_1_19' title="bbox 117 1666 372 1673; baseline 0 0"><span class='ocrx_word' id='word_1_76' title='bbox 117 1666 372 1673; x_wconf 95' lang='lat' dir='ltr'><strong> </strong></span> 
     </span>
    </p>
   </div>
   <div class='ocr_carea' id='block_1_6' title="bbox 115 1729 385 1757">
    <p class='ocr_par' dir='ltr' id='par_1_6' title="bbox 115 1729 385 1757">
     <span class='ocr_line' id='line_1_20' title="bbox 115 1729 385 1757; baseline -0.004 0"><span class='ocrx_word' id='word_1_77' title='bbox 115 1729 385 1757; x_wconf 75' lang='lat' dir='ltr'><strong>TESTIMONIA.</strong></span> 
     </span>
    </p>
   </div>
   <div class='ocr_carea' id='block_1_7' title="bbox 115 1794 1641 1929">
    <p class='ocr_par' dir='ltr' id='par_1_7' title="bbox 115 1794 1641 1929">
     <span class='ocr_line' id='line_1_21' title="bbox 207 1794 1639 1838; baseline 0.001 -10"><span class='ocrx_word' id='word_1_78' title='bbox 207 1796 339 1829; x_wconf 84' lang='grc'>18-20</span> <span class='ocrx_word' id='word_1_79' title='bbox 371 1794 485 1828; x_wconf 87' lang='lat' dir='ltr'><strong>‘idem</strong></span> <span class='ocrx_word' id='word_1_80' title='bbox 514 1795 553 1827; x_wconf 91' lang='lat' dir='ltr'><strong>in</strong></span> <span class='ocrx_word' id='word_1_81' title='bbox 583 1795 711 1828; x_wconf 87' lang='lat' dir='ltr'><strong>eodem</strong></span> <span class='ocrx_word' id='word_1_82' title='bbox 744 1795 802 1837; x_wconf 90' lang='lat'><strong>(=</strong></span> <span class='ocrx_word' id='word_1_83' title='bbox 817 1797 906 1829; x_wconf 89' lang='lat' dir='ltr'><strong>Hor.</strong></span> <span class='ocrx_word' id='word_1_84' title='bbox 931 1797 970 1828; x_wconf 91' lang='lat' dir='ltr'><strong>in</strong></span> <span class='ocrx_word' id='word_1_85' title='bbox 994 1797 1013 1828; x_wconf 92' lang='lat' dir='ltr'><strong>I</strong></span> <span class='ocrx_word' id='word_1_86' title='bbox 1038 1796 1183 1838; x_wconf 81' lang='lat' dir='ltr'><strong>carm.):</strong></span> <span class='ocrx_word' id='word_1_87' title='bbox 1221 1799 1259 1828; x_wconf 81' lang='lat' dir='ltr'><strong>et</strong></span> <span class='ocrx_word' id='word_1_88' title='bbox 1289 1797 1377 1829; x_wconf 81' lang='lat' dir='ltr'><strong>altis</strong></span> <span class='ocrx_word' id='word_1_89' title='bbox 1395 1815 1437 1821; x_wconf 92' lang='lat'><strong>—-</strong></span> <span class='ocrx_word' id='word_1_90' title='bbox 1454 1797 1639 1830; x_wconf 87' lang='lat' dir='ltr'><strong>funditus&#39;</strong></span> 
     </span>
     <span class='ocr_line' id='line_1_22' title="bbox 115 1841 1641 1884; baseline 0.002 -12"><span class='ocrx_word' id='word_1_91' title='bbox 115 1841 231 1873; x_wconf 87' lang='lat' dir='ltr'><strong>Prisc.</strong></span> <span class='ocrx_word' id='word_1_92' title='bbox 257 1841 363 1874; x_wconf 88' lang='lat' dir='ltr'><strong>XVII</strong></span> <span class='ocrx_word' id='word_1_93' title='bbox 384 1841 431 1873; x_wconf 89' lang='lat'><strong>49</strong></span> <span class='ocrx_word' id='word_1_94' title='bbox 512 1842 556 1873; x_wconf 92' lang='grc'><strong>20</strong></span> <span class='ocrx_word' id='word_1_95' title='bbox 581 1851 633 1882; x_wconf 87' lang='lat' dir='ltr'><strong>sq.</strong></span> <span class='ocrx_word' id='word_1_96' title='bbox 663 1841 976 1884; x_wconf 83' lang='lat' dir='ltr'><strong>‘imprimeretque</strong></span> <span class='ocrx_word' id='word_1_97' title='bbox 993 1859 1036 1863; x_wconf 85' lang='lat'><em>—</em></span> <span class='ocrx_word' id='word_1_98' title='bbox 1054 1843 1235 1874; x_wconf 82' lang='lat' dir='ltr'><strong>aratrum&#39;</strong></span> <span class='ocrx_word' id='word_1_99' title='bbox 1261 1841 1362 1875; x_wconf 87' lang='lat' dir='ltr'><strong>Seru.</strong></span> <span class='ocrx_word' id='word_1_100' title='bbox 1389 1842 1435 1874; x_wconf 85' lang='lat' dir='ltr'><strong>ad</strong></span> <span class='ocrx_word' id='word_1_101' title='bbox 1451 1843 1542 1875; x_wconf 86' lang='lat' dir='ltr'><strong>Aen.</strong></span> <span class='ocrx_word' id='word_1_102' title='bbox 1566 1843 1641 1875; x_wconf 92' lang='lat'><strong>1111</strong></span> 
     </span>
     <span class='ocr_line' id='line_1_23' title="bbox 115 1886 1594 1929; baseline 0.001 -11"><span class='ocrx_word' id='word_1_103' title='bbox 115 1887 181 1918; x_wconf 91' lang='grc'><strong>212</strong></span> <span class='ocrx_word' id='word_1_104' title='bbox 205 1886 367 1919; x_wconf 81' lang='lat' dir='ltr'><strong>Isidorus</strong></span> <span class='ocrx_word' id='word_1_105' title='bbox 391 1886 480 1928; x_wconf 87' lang='lat' dir='ltr'><strong>orig.</strong></span> <span class='ocrx_word' id='word_1_106' title='bbox 498 1886 565 1918; x_wconf 91' lang='lat' dir='ltr'><strong>XV</strong></span> <span class='ocrx_word' id='word_1_107' title='bbox 581 1887 614 1928; x_wconf 88' lang='grc'><strong>2,</strong></span> <span class='ocrx_word' id='word_1_108' title='bbox 630 1887 653 1918; x_wconf 87' lang='grc'>4</span> <span class='ocrx_word' id='word_1_109' title='bbox 745 1888 787 1918; x_wconf 90' lang='grc'><strong>21</strong></span> <span class='ocrx_word' id='word_1_110' title='bbox 814 1887 1018 1919; x_wconf 84' lang='lat' dir='ltr'><strong>‘exercitus</strong></span> <span class='ocrx_word' id='word_1_111' title='bbox 1042 1886 1222 1919; x_wconf 82' lang='lat' dir='ltr'><strong>insolens&#39;</strong></span> <span class='ocrx_word' id='word_1_112' title='bbox 1248 1887 1330 1920; x_wconf 87' lang='lat' dir='ltr'><strong>Acr.</strong></span> <span class='ocrx_word' id='word_1_113' title='bbox 1357 1887 1404 1919; x_wconf 84' lang='lat' dir='ltr'><strong>ad</strong></span> <span class='ocrx_word' id='word_1_114' title='bbox 1422 1898 1452 1920; x_wconf 91' lang='lat' dir='ltr'><strong>c.</strong></span> <span class='ocrx_word' id='word_1_115' title='bbox 1470 1888 1507 1919; x_wconf 93' lang='lat'><strong>11</strong></span> <span class='ocrx_word' id='word_1_116' title='bbox 1523 1889 1556 1929; x_wconf 87' lang='grc'><strong>4,</strong></span> <span class='ocrx_word' id='word_1_117' title='bbox 1574 1889 1594 1920; x_wconf 89' lang='grc'>2</span> 
     </span>
    </p>
   </div>
   <div class='ocr_carea' id='block_1_8' title="bbox 116 1946 1641 2081">
    <p class='ocr_par' dir='ltr' id='par_1_8' title="bbox 116 1946 1641 2081">
     <span class='ocr_line' id='line_1_24' title="bbox 207 1946 1581 1989; baseline 0.001 -9"><span class='ocrx_word' id='word_1_118' title='bbox 207 1948 224 1980; x_wconf 93' lang='grc' dir='ltr'>Ι</span> <span class='ocrx_word' id='word_1_119' title='bbox 242 1949 294 1980; x_wconf 84' lang='grc'><strong>17.</strong></span> <span class='ocrx_word' id='word_1_120' title='bbox 344 1948 362 1979; x_wconf 91' lang='grc'>1</span> <span class='ocrx_word' id='word_1_121' title='bbox 389 1946 563 1989; x_wconf 85' lang='lat' dir='ltr'><strong>‘septima</strong></span> <span class='ocrx_word' id='word_1_122' title='bbox 587 1947 730 1980; x_wconf 84' lang='lat' dir='ltr'><strong>decima</strong></span> <span class='ocrx_word' id='word_1_123' title='bbox 754 1947 841 1981; x_wconf 87' lang='lat' dir='ltr'><strong>ode:</strong></span> <span class='ocrx_word' id='word_1_124' title='bbox 866 1948 976 1981; x_wconf 85' lang='lat' dir='ltr'><strong>uelox</strong></span> <span class='ocrx_word' id='word_1_125' title='bbox 994 1966 1036 1970; x_wconf 92' lang='lat'><strong>—</strong></span> <span class='ocrx_word' id='word_1_126' title='bbox 1052 1948 1297 1981; x_wconf 83' lang='lat' dir='ltr'><strong>Lucretilem’</strong></span> <span class='ocrx_word' id='word_1_127' title='bbox 1322 1949 1489 1982; x_wconf 89' lang='lat' dir='ltr'><strong>Diomed.</strong></span> <span class='ocrx_word' id='word_1_128' title='bbox 1515 1951 1581 1982; x_wconf 87' lang='grc'><strong>522</strong></span> 
     </span>
     <span class='ocr_line' id='line_1_25' title="bbox 118 1992 1641 2035; baseline 0.001 -10"><span class='ocrx_word' id='word_1_129' title='bbox 118 1993 135 2024; x_wconf 87' lang='grc'><strong>1</strong></span> <span class='ocrx_word' id='word_1_130' title='bbox 161 2002 214 2034; x_wconf 81' lang='lat' dir='ltr'><strong>sq.</strong></span> <span class='ocrx_word' id='word_1_131' title='bbox 241 1992 346 2025; x_wconf 85' lang='lat' dir='ltr'><strong>‘Hor.</strong></span> <span class='ocrx_word' id='word_1_132' title='bbox 370 1992 408 2024; x_wconf 88' lang='lat' dir='ltr'><strong>in</strong></span> <span class='ocrx_word' id='word_1_133' title='bbox 431 1993 450 2024; x_wconf 98' lang='lat' dir='ltr'><strong>I</strong></span> <span class='ocrx_word' id='word_1_134' title='bbox 474 1993 692 2025; x_wconf 87' lang='lat' dir='ltr'><strong>carminum:</strong></span> <span class='ocrx_word' id='word_1_135' title='bbox 718 2003 830 2035; x_wconf 88' lang='lat' dir='ltr'><strong>saepe</strong></span> <span class='ocrx_word' id='word_1_136' title='bbox 846 1994 1082 2035; x_wconf 73' lang='lat' dir='ltr'><strong>—Lycaeo&#39;</strong></span> <span class='ocrx_word' id='word_1_137' title='bbox 1105 1994 1220 2027; x_wconf 86' lang='lat' dir='ltr'><strong>Prisc.</strong></span> <span class='ocrx_word' id='word_1_138' title='bbox 1246 1994 1368 2026; x_wconf 91' lang='lat' dir='ltr'><strong>XVIII</strong></span> <span class='ocrx_word' id='word_1_139' title='bbox 1395 1995 1459 2027; x_wconf 82' lang='lat'><strong>188</strong></span> <span class='ocrx_word' id='word_1_140' title='bbox 1551 1996 1641 2027; x_wconf 83' lang='lat'><strong>2—4</strong></span> 
     </span>
     <span class='ocr_line' id='line_1_26' title="bbox 116 2037 947 2081; baseline 0.002 -11"><span class='ocrx_word' id='word_1_141' title='bbox 116 2037 174 2071; x_wconf 81' lang='lat' dir='ltr'><strong>‘et</strong></span> <span class='ocrx_word' id='word_1_142' title='bbox 196 2038 344 2081; x_wconf 81' lang='lat' dir='ltr'><strong>igneam</strong></span> <span class='ocrx_word' id='word_1_143' title='bbox 361 2055 403 2060; x_wconf 90' lang='lat'><strong>-—</strong></span> <span class='ocrx_word' id='word_1_144' title='bbox 419 2038 527 2070; x_wconf 86' lang='lat' dir='ltr'><strong>meis‘</strong></span> <span class='ocrx_word' id='word_1_145' title='bbox 552 2037 654 2071; x_wconf 84' lang='lat' dir='ltr'><strong>Seru.</strong></span> <span class='ocrx_word' id='word_1_146' title='bbox 680 2038 728 2071; x_wconf 86' lang='lat' dir='ltr'><strong>ad</strong></span> <span class='ocrx_word' id='word_1_147' title='bbox 752 2039 821 2072; x_wconf 86' lang='lat' dir='ltr'><strong>ecl.</strong></span> <span class='ocrx_word' id='word_1_148' title='bbox 847 2041 878 2080; x_wconf 82' lang='lat'><strong>7,</strong></span> <span class='ocrx_word' id='word_1_149' title='bbox 903 2040 947 2072; x_wconf 80' lang='lat'><strong>47</strong></span> 
     </span>
    </p>
   </div>
   <div class='ocr_carea' id='block_1_9' title="bbox 124 2123 385 2131">
    <p class='ocr_par' dir='ltr' id='par_1_9' title="bbox 124 2123 385 2131">
     <span class='ocr_line' id='line_1_27' title="bbox 124 2123 385 2131; baseline 0 0"><span class='ocrx_word' id='word_1_150' title='bbox 124 2123 385 2131; x_wconf 95' lang='lat' dir='ltr'><strong> </strong></span> 
     </span>
    </p>
   </div>
   <div class='ocr_carea' id='block_1_10' title="bbox 114 2187 427 2215">
    <p class='ocr_par' dir='ltr' id='par_1_10' title="bbox 114 2187 427 2215">
     <span class='ocr_line' id='line_1_28' title="bbox 114 2187 427 2215; baseline -0.006 0"><span class='ocrx_word' id='word_1_151' title='bbox 114 2187 243 2215; x_wconf 81' lang='lat' dir='ltr'><strong>VARIA</strong></span> <span class='ocrx_word' id='word_1_152' title='bbox 262 2187 427 2214; x_wconf 83' lang='lat' dir='ltr'><strong>LECTIO.</strong></span> 
     </span>
    </p>
   </div>
   <div class='ocr_carea' id='block_1_11' title="bbox 111 2255 1663 2647">
    <p class='ocr_par' dir='ltr' id='par_1_11' title="bbox 111 2255 1663 2647">
     <span class='ocr_line' id='line_1_29' title="bbox 226 2255 1640 2307; baseline 0.001 -14"><span class='ocrx_word' id='word_1_153' title='bbox 226 2267 292 2293; x_wconf 81' lang='lat' dir='ltr'><strong>uu.</strong></span> <span class='ocrx_word' id='word_1_154' title='bbox 314 2257 459 2292; x_wconf 86' lang='grc'>15-28</span> <span class='ocrx_word' id='word_1_155' title='bbox 478 2267 548 2292; x_wconf 91' lang='lat' dir='ltr'><strong>om.</strong></span> <span class='ocrx_word' id='word_1_156' title='bbox 565 2255 603 2292; x_wconf 90' lang='lat' dir='ltr'><em>B</em></span> <span class='ocrx_word' id='word_1_157' title='bbox 688 2258 730 2292; x_wconf 87' lang='lat'><strong>16</strong></span> <span class='ocrx_word' id='word_1_158' title='bbox 750 2257 963 2294; x_wconf 88' lang='lat' dir='ltr'><strong>sthomacho</strong></span> <span class='ocrx_word' id='word_1_159' title='bbox 984 2256 1023 2292; x_wconf 88' lang='lat' dir='ltr'><em>F</em></span> <span class='ocrx_word' id='word_1_160' title='bbox 1094 2257 1308 2305; x_wconf 87' lang='lat' dir='ltr'><strong>adposuisse</strong></span> <span class='ocrx_word' id='word_1_161' title='bbox 1328 2257 1367 2293; x_wconf 84' lang='lat' dir='ltr'><em>F</em></span> <span class='ocrx_word' id='word_1_162' title='bbox 1375 2257 1522 2304; x_wconf 81' lang='lat' dir='ltr'><strong>Porplz.</strong></span> <span class='ocrx_word' id='word_1_163' title='bbox 1553 2270 1640 2307; x_wconf 88' lang='lat' dir='ltr'><strong>apo-</strong></span> 
     </span>
     <span class='ocr_line' id='line_1_30' title="bbox 115 2313 1639 2361; baseline 0.001 -11"><span class='ocrx_word' id='word_1_164' title='bbox 115 2314 233 2350; x_wconf 88' lang='lat' dir='ltr'><strong>suisse</strong></span> <span class='ocrx_word' id='word_1_165' title='bbox 253 2324 274 2348; x_wconf 83' lang='grc' dir='ltr'><strong><em>τ</em></strong></span> <span class='ocrx_word' id='word_1_166' title='bbox 301 2324 505 2361; x_wconf 88' lang='lat' dir='ltr'><strong>apposuere</strong></span> <span class='ocrx_word' id='word_1_167' title='bbox 525 2324 551 2349; x_wconf 83' lang='lat' dir='ltr'><strong>u</strong></span> <span class='ocrx_word' id='word_1_168' title='bbox 639 2315 681 2347; x_wconf 86' lang='lat'><strong>17</strong></span> <span class='ocrx_word' id='word_1_169' title='bbox 702 2314 827 2350; x_wconf 83' lang='lat' dir='ltr'><strong>altera</strong></span> <span class='ocrx_word' id='word_1_170' title='bbox 847 2323 986 2349; x_wconf 81' lang='lat' dir='ltr'><strong>manus</strong></span> <span class='ocrx_word' id='word_1_171' title='bbox 1003 2314 1137 2360; x_wconf 80' lang='lat' dir='ltr'><strong>incipit</strong></span> <span class='ocrx_word' id='word_1_172' title='bbox 1155 2315 1195 2350; x_wconf 81' lang='lat' dir='ltr'><strong>in</strong></span> <span class='ocrx_word' id='word_1_173' title='bbox 1216 2314 1249 2350; x_wconf 88' lang='grc' dir='ltr'><em>Α</em></span> <span class='ocrx_word' id='word_1_174' title='bbox 1268 2313 1321 2361; x_wconf 81' lang='lat' dir='ltr'><strong>cf.</strong></span> <span class='ocrx_word' id='word_1_175' title='bbox 1342 2325 1377 2350; x_wconf 85' lang='lat' dir='ltr'><strong>c.</strong></span> <span class='ocrx_word' id='word_1_176' title='bbox 1397 2314 1426 2350; x_wconf 90' lang='lat' dir='ltr'><strong>II</strong></span> <span class='ocrx_word' id='word_1_177' title='bbox 1445 2318 1466 2349; x_wconf 97' lang='grc'><strong>2</strong></span> <span class='ocrx_word' id='word_1_178' title='bbox 1543 2315 1598 2351; x_wconf 89' lang='lat' dir='ltr'><strong>Ire</strong></span> <span class='ocrx_word' id='word_1_179' title='bbox 1618 2327 1639 2351; x_wconf 89' lang='grc' dir='ltr'><strong><em>τ</em></strong></span> 
     </span>
     <span class='ocr_line' id='line_1_31' title="bbox 112 2369 1557 2423; baseline 0.001 -17"><span class='ocrx_word' id='word_1_180' title='bbox 112 2370 171 2423; x_wconf 67' lang='grc' dir='ltr'><strong>Ινς</strong></span> <span class='ocrx_word' id='word_1_181' title='bbox 186 2380 242 2418; x_wconf 71' lang='lat' dir='ltr'><strong>yn</strong></span> <span class='ocrx_word' id='word_1_182' title='bbox 346 2370 505 2406; x_wconf 85' lang='lat' dir='ltr'><strong>thiesten</strong></span> <span class='ocrx_word' id='word_1_183' title='bbox 524 2369 666 2418; x_wconf 66' lang='lat' dir='ltr'><em>AFyav</em></span> <span class='ocrx_word' id='word_1_184' title='bbox 696 2371 877 2419; x_wconf 84' lang='lat' dir='ltr'><strong>thyestem</strong></span> <span class='ocrx_word' id='word_1_185' title='bbox 897 2382 923 2406; x_wconf 87' lang='lat' dir='ltr'><strong>u</strong></span> <span class='ocrx_word' id='word_1_186' title='bbox 1010 2371 1125 2407; x_wconf 86' lang='lat' dir='ltr'><strong>exicio</strong></span> <span class='ocrx_word' id='word_1_187' title='bbox 1146 2382 1167 2406; x_wconf 84' lang='grc' dir='ltr'><em>τ</em></span> <span class='ocrx_word' id='word_1_188' title='bbox 1275 2373 1317 2406; x_wconf 81' lang='lat'><strong>18</strong></span> <span class='ocrx_word' id='word_1_189' title='bbox 1347 2371 1474 2407; x_wconf 86' lang='lat' dir='ltr'><strong>ultime</strong></span> <span class='ocrx_word' id='word_1_190' title='bbox 1492 2381 1557 2420; x_wconf 72' lang='lat'><strong>7¹²7</strong></span> 
     </span>
     <span class='ocr_line' id='line_1_32' title="bbox 111 2426 1552 2475; baseline 0.001 -13"><span class='ocrx_word' id='word_1_191' title='bbox 111 2428 157 2462; x_wconf 89' lang='grc'><strong>20</strong></span> <span class='ocrx_word' id='word_1_192' title='bbox 185 2426 396 2474; x_wconf 87' lang='lat' dir='ltr'><strong>inprimeret</strong></span> <span class='ocrx_word' id='word_1_193' title='bbox 414 2426 530 2462; x_wconf 66' lang='lat' dir='ltr'><strong>Flam</strong></span> <span class='ocrx_word' id='word_1_194' title='bbox 544 2426 614 2463; x_wconf 82' lang='lat' dir='ltr'><strong>Ac.</strong></span> <span class='ocrx_word' id='word_1_195' title='bbox 665 2427 847 2475; x_wconf 88' lang='lat' dir='ltr'><strong>imprimet</strong></span> <span class='ocrx_word' id='word_1_196' title='bbox 869 2427 1030 2463; x_wconf 77' lang='lat' dir='ltr'><strong>Seruius</strong></span> <span class='ocrx_word' id='word_1_197' title='bbox 1114 2429 1155 2462; x_wconf 86' lang='grc'><strong>21</strong></span> <span class='ocrx_word' id='word_1_198' title='bbox 1189 2432 1347 2464; x_wconf 86' lang='lat' dir='ltr'><strong>aratrum</strong></span> <span class='ocrx_word' id='word_1_199' title='bbox 1368 2439 1439 2464; x_wconf 91' lang='lat' dir='ltr'><strong>om.</strong></span> <span class='ocrx_word' id='word_1_200' title='bbox 1457 2429 1552 2475; x_wconf 83' lang='lat' dir='ltr'><strong>Apr.</strong></span> 
     </span>
     <span class='ocr_line' id='line_1_33' title="bbox 112 2476 1636 2533; baseline 0.002 -15"><span class='ocrx_word' id='word_1_201' title='bbox 112 2486 156 2517; x_wconf 91' lang='grc'><strong>22</strong></span> <span class='ocrx_word' id='word_1_202' title='bbox 176 2482 360 2531; x_wconf 86' lang='lat' dir='ltr'><strong>Conpesee</strong></span> <span class='ocrx_word' id='word_1_203' title='bbox 380 2482 463 2518; x_wconf 75' lang='lat' dir='ltr'><strong>Avu</strong></span> <span class='ocrx_word' id='word_1_204' title='bbox 479 2483 546 2520; x_wconf 84' lang='lat' dir='ltr'><strong>Ac.</strong></span> <span class='ocrx_word' id='word_1_205' title='bbox 647 2485 693 2519; x_wconf 84' lang='lat'><strong>23</strong></span> <span class='ocrx_word' id='word_1_206' title='bbox 712 2484 847 2532; x_wconf 91' lang='lat' dir='ltr'><strong>inpulsi</strong></span> <span class='ocrx_word' id='word_1_207' title='bbox 870 2482 1087 2530; x_wconf 75' lang='lat' dir='ltr'><strong>Seyffertus</strong></span> <span class='ocrx_word' id='word_1_208' title='bbox 1172 2476 1218 2519; x_wconf 74' lang='grc'><strong>24</strong></span> <span class='ocrx_word' id='word_1_209' title='bbox 1237 2484 1274 2520; x_wconf 86' lang='lat' dir='ltr'><strong>in</strong></span> <span class='ocrx_word' id='word_1_210' title='bbox 1295 2495 1366 2521; x_wconf 89' lang='lat' dir='ltr'><strong>om.</strong></span> <span class='ocrx_word' id='word_1_211' title='bbox 1388 2496 1413 2533; x_wconf 80' lang='grc' dir='ltr'><em>γ</em></span> <span class='ocrx_word' id='word_1_212' title='bbox 1462 2515 1467 2518; x_wconf 32' lang='lat'><strong>⁴</strong></span> <span class='ocrx_word' id='word_1_213' title='bbox 1500 2488 1543 2520; x_wconf 86' lang='grc'><strong>25</strong></span> <span class='ocrx_word' id='word_1_214' title='bbox 1564 2497 1636 2522; x_wconf 91' lang='lat' dir='ltr'><strong>nun</strong></span> 
     </span>
     <span class='ocr_line' id='line_1_34' title="bbox 112 2540 1663 2590; baseline 0.002 -15"><span class='ocrx_word' id='word_1_215' title='bbox 112 2550 153 2588; x_wconf 78' lang='grc' dir='ltr'><strong>γι</strong></span> <span class='ocrx_word' id='word_1_216' title='bbox 185 2550 274 2587; x_wconf 74' lang='lat' dir='ltr'><strong>ergo</strong></span> <span class='ocrx_word' id='word_1_217' title='bbox 295 2544 330 2585; x_wconf 84' lang='grc' dir='ltr'><em>ψ</em></span> <span class='ocrx_word' id='word_1_218' title='bbox 406 2541 451 2574; x_wconf 89' lang='grc'><strong>26</strong></span> <span class='ocrx_word' id='word_1_219' title='bbox 473 2551 585 2587; x_wconf 90' lang='lat' dir='ltr'><strong>quero</strong></span> <span class='ocrx_word' id='word_1_220' title='bbox 606 2545 668 2587; x_wconf 82' lang='grc' dir='ltr'><strong>ψα</strong></span> <span class='ocrx_word' id='word_1_221' title='bbox 746 2540 852 2576; x_wconf 86' lang='lat' dir='ltr'><strong>miehi</strong></span> <span class='ocrx_word' id='word_1_222' title='bbox 874 2551 936 2587; x_wconf 86' lang='grc' dir='ltr'><strong>πφ</strong></span> <span class='ocrx_word' id='word_1_223' title='bbox 1012 2543 1057 2575; x_wconf 88' lang='grc'><strong>28</strong></span> <span class='ocrx_word' id='word_1_224' title='bbox 1087 2540 1301 2589; x_wconf 88' lang='lat' dir='ltr'><strong>Opprobriis</strong></span> <span class='ocrx_word' id='word_1_225' title='bbox 1321 2543 1378 2590; x_wconf 78' lang='lat' dir='ltr'><strong>Ay</strong></span> <span class='ocrx_word' id='word_1_226' title='bbox 1410 2541 1584 2589; x_wconf 91' lang='lat' dir='ltr'><strong>Oprobris</strong></span> <span class='ocrx_word' id='word_1_227' title='bbox 1604 2543 1663 2578; x_wconf 85' lang='lat' dir='ltr'><strong>F.</strong></span> 
     </span>
     <span class='ocr_line' id='line_1_35' title="bbox 114 2595 754 2647; baseline 0 -16"><span class='ocrx_word' id='word_1_228' title='bbox 114 2595 357 2647; x_wconf 76' lang='lat' dir='ltr'><strong>Ossprobrisss</strong></span> <span class='ocrx_word' id='word_1_229' title='bbox 378 2606 408 2631; x_wconf 86' lang='grc' dir='ltr'><strong><em>π</em></strong></span> <span class='ocrx_word' id='word_1_230' title='bbox 437 2595 650 2644; x_wconf 90' lang='lat' dir='ltr'><strong>Obprobriis</strong></span> <span class='ocrx_word' id='word_1_231' title='bbox 670 2601 754 2633; x_wconf 82' lang='lat' dir='ltr'><strong>cett.</strong></span> 
     </span>
    </p>
   </div>
   <div class='ocr_carea' id='block_1_12' title="bbox 113 2669 1637 2839">
    <p class='ocr_par' dir='ltr' id='par_1_12' title="bbox 113 2669 1637 2839">
     <span class='ocr_line' id='line_1_36' title="bbox 226 2669 1637 2723; baseline 0.002 -12"><span class='ocrx_word' id='word_1_232' title='bbox 226 2670 249 2711; x_wconf 96' lang='lat' dir='ltr'><strong>I</strong></span> <span class='ocrx_word' id='word_1_233' title='bbox 272 2669 335 2710; x_wconf 88' lang='lat'><strong>16.</strong></span> <span class='ocrx_word' id='word_1_234' title='bbox 394 2674 450 2710; x_wconf 85' lang='lat' dir='ltr'><strong>AD</strong></span> <span class='ocrx_word' id='word_1_235' title='bbox 487 2675 665 2711; x_wconf 87' lang='lat' dir='ltr'><strong>EANDEM</strong></span> <span class='ocrx_word' id='word_1_236' title='bbox 702 2675 981 2712; x_wconf 88' lang='lat' dir='ltr'><strong>MERETRICEM</strong></span> <span class='ocrx_word' id='word_1_237' title='bbox 1014 2675 1292 2723; x_wconf 84' lang='lat' dir='ltr'><strong>(MERITRICEM</strong></span> <span class='ocrx_word' id='word_1_238' title='bbox 1313 2675 1363 2722; x_wconf 92' lang='lat' dir='ltr'><strong>B)</strong></span> <span class='ocrx_word' id='word_1_239' title='bbox 1392 2678 1449 2712; x_wconf 79' lang='lat' dir='ltr'><strong>Bt</strong></span> <span class='ocrx_word' id='word_1_240' title='bbox 1504 2671 1637 2714; x_wconf 77' lang='lat' dir='ltr'>&#39;PARA-</span> 
     </span>
     <span class='ocr_line' id='line_1_37' title="bbox 113 2728 1637 2781; baseline 0.003 -15"><span class='ocrx_word' id='word_1_241' title='bbox 113 2729 267 2767; x_wconf 85' lang='lat' dir='ltr'><strong>NETICE</strong></span> <span class='ocrx_word' id='word_1_242' title='bbox 290 2728 516 2779; x_wconf 85' lang='lat' dir='ltr'><strong>(TINDARIDI</strong></span> <span class='ocrx_word' id='word_1_243' title='bbox 537 2732 624 2768; x_wconf 83' lang='lat' dir='ltr'><strong>add.</strong></span> <span class='ocrx_word' id='word_1_244' title='bbox 645 2730 682 2781; x_wconf 76' lang='grc' dir='ltr'><strong>γ)</strong></span> <span class='ocrx_word' id='word_1_245' title='bbox 704 2732 805 2768; x_wconf 85' lang='lat' dir='ltr'><strong>AGRI</strong></span> <span class='ocrx_word' id='word_1_246' title='bbox 826 2732 965 2768; x_wconf 88' lang='lat' dir='ltr'><strong>SABINI</strong></span> <span class='ocrx_word' id='word_1_247' title='bbox 984 2733 1096 2769; x_wconf 85' lang='lat' dir='ltr'><strong>LAVS</strong></span> <span class='ocrx_word' id='word_1_248' title='bbox 1116 2733 1172 2769; x_wconf 87' lang='lat' dir='ltr'><strong>ET</strong></span> <span class='ocrx_word' id='word_1_249' title='bbox 1193 2734 1357 2770; x_wconf 85' lang='lat' dir='ltr'><strong>MONTIS</strong></span> <span class='ocrx_word' id='word_1_250' title='bbox 1385 2734 1637 2771; x_wconf 87' lang='lat' dir='ltr'><strong>LVCRETILIS</strong></span> 
     </span>
     <span class='ocr_line' id='line_1_38' title="bbox 116 2785 1580 2839; baseline 0.004 -18"><span class='ocrx_word' id='word_1_251' title='bbox 116 2785 198 2834; x_wconf 70' lang='lat' dir='ltr'><strong>Fyt</strong></span> <span class='ocrx_word' id='word_1_252' title='bbox 243 2788 366 2822; x_wconf 82' lang='lat' dir='ltr'><strong>omisit</strong></span> <span class='ocrx_word' id='word_1_253' title='bbox 384 2788 511 2824; x_wconf 80' lang='lat' dir='ltr'><strong>titulos</strong></span> <span class='ocrx_word' id='word_1_254' title='bbox 529 2798 650 2835; x_wconf 81' lang='lat' dir='ltr'><strong>usque</strong></span> <span class='ocrx_word' id='word_1_255' title='bbox 671 2789 724 2824; x_wconf 81' lang='lat' dir='ltr'><strong>ad</strong></span> <span class='ocrx_word' id='word_1_256' title='bbox 741 2799 773 2824; x_wconf 85' lang='lat' dir='ltr'><strong>c.</strong></span> <span class='ocrx_word' id='word_1_257' title='bbox 795 2788 928 2824; x_wconf 86' lang='lat' dir='ltr'><strong>XXVIII</strong></span> <span class='ocrx_word' id='word_1_258' title='bbox 947 2789 981 2825; x_wconf 83' lang='lat' dir='ltr'><em>A</em></span> <span class='ocrx_word' id='word_1_259' title='bbox 1067 2791 1083 2823; x_wconf 97' lang='grc'>1</span> <span class='ocrx_word' id='word_1_260' title='bbox 1107 2801 1272 2826; x_wconf 86' lang='lat' dir='ltr'><strong>amenum</strong></span> <span class='ocrx_word' id='word_1_261' title='bbox 1293 2802 1340 2826; x_wconf 76' lang='lat' dir='ltr'><strong>tu</strong></span> <span class='ocrx_word' id='word_1_262' title='bbox 1427 2803 1512 2839; x_wconf 87' lang='lat' dir='ltr'><strong>sepe</strong></span> <span class='ocrx_word' id='word_1_263' title='bbox 1532 2803 1580 2827; x_wconf 80' lang='lat' dir='ltr'><em>w</em></span> 
     </span>
    </p>
   </div>
   <div class='ocr_carea' id='block_1_13' title="bbox 114 2841 797 2892">
    <p class='ocr_par' dir='ltr' id='par_1_13' title="bbox 114 2841 797 2892">
     <span class='ocr_line' id='line_1_39' title="bbox 114 2841 797 2892; baseline 0.006 -15"><span class='ocrx_word' id='word_1_264' title='bbox 114 2844 136 2876; x_wconf 88' lang='grc'><strong>2</strong></span> <span class='ocrx_word' id='word_1_265' title='bbox 155 2841 259 2890; x_wconf 81' lang='lat' dir='ltr'><strong>lyceo</strong></span> <span class='ocrx_word' id='word_1_266' title='bbox 281 2842 337 2878; x_wconf 82' lang='grc' dir='ltr'><strong>Αλ</strong></span> <span class='ocrx_word' id='word_1_267' title='bbox 365 2843 480 2880; x_wconf 89' lang='lat' dir='ltr'><strong>licaeo</strong></span> <span class='ocrx_word' id='word_1_268' title='bbox 501 2845 571 2892; x_wconf 87' lang='grc' dir='ltr'><strong>Βφ</strong></span> <span class='ocrx_word' id='word_1_269' title='bbox 599 2845 693 2881; x_wconf 77' lang='lat' dir='ltr'><strong>lIceo</strong></span> <span class='ocrx_word' id='word_1_270' title='bbox 714 2851 797 2892; x_wconf 76' lang='grc' dir='ltr'><strong>τψιι</strong></span> 
     </span>
    </p>
   </div>
  </div>
 </body>
</html>
