1826 3204
761 151 844 179 mn.
863 151 890 178 1.
911 153 1014 181 22-23
1597 136 1655 180 39

242 262 335 302 solis
363 264 405 303 in
437 267 543 302 terra
573 261 754 302 domibus
784 267 947 314 negata:

244 336 358 377 dulce
387 336 583 377 ridentem
614 335 784 387 Lalagen
815 334 969 382 amabo,

333 410 448 450 dulce
476 409 719 462 loquentem.

808 604 966 644 XXIII

242 683 347 723 Vitas
377 682 512 722 inuleo
542 694 607 722 me
638 682 789 729 similis,
822 682 957 729 Chloe,

242 757 448 808 quaerenti
477 756 663 809 pauidam
692 756 894 798 montibus
923 757 1023 797 auiis

292 835 468 887 'matrem
497 831 579 870 nen
608 831 695 870 sine
724 843 828 871 uano

360 917 546 944 aurarum
578 909 618 944 et
646 904 771 946 siluae
790 909 913 945 metu.

242 991 332 1018 nam
363 990 434 1018 seu
465 977 679 1018 mobilibus
710 979 871 1031 *uepris
900 978 1101 1018 inhorruit
1632 985 1657 1024 5

243 1052 291 1091 ad
320 1056 488 1092 uentum
517 1051 634 1097 foliis,
668 1065 739 1092 seu
771 1051 922 1093 uirides
952 1052 1099 1093 rubum

300 1125 505 1166 dimouere
534 1125 718 1172 lacertae,
781 1141 783 1143 ’

360 1204 400 1238 et
430 1199 550 1240 corde
582 1204 621 1240 et
650 1199 817 1252 genibus
848 1201 994 1240 tremit.

242 1274 349 1324 atqui
378 1285 458 1312 non
490 1285 562 1325 ego
594 1278 633 1312 te
662 1274 776 1324 tigris
805 1277 850 1313 ut
880 1285 1022 1326 aspera

242 1346 484 1386 Gaetulusue
514 1346 578 1387 leo
608 1347 795 1399 frangere
822 1358 1067 1400 persequor:
1606 1354 1658 1393 10

299 1420 457 1463 tandem
489 1419 626 1460 desine
656 1425 825 1460 matrem

358 1496 597 1547 tempestiua
627 1496 741 1546 sequi
770 1496 871 1535 uiro.

128 1768 396 1796 TESTIMONIA.

219 1836 250 1868 1.
275 1836 333 1868 23.
382 1835 401 1867 1
425 1843 566 1877 praem.
585 1833 778 1868 ‘uicesima
791 1835 955 1869 secunda
973 1835 1051 1869 ode'
1076 1835 1244 1871 Diomed.
1262 1837 1328 1870 522
1423 1838 1556 1871 11-12
1582 1836 1656 1872 ‘de-

51 1895 53 1898 ’
128 1881 359 1914 sine—uiro'
385 1880 500 1914 schol.
527 1880 622 1914 Stat.
647 1880 762 1914 Theb.
787 1882 898 1916 VIIII
920 1882 988 1916 825

126 2054 255 2082 VAmA
274 2053 438 2081 anmo.

239 2137 285 2170 22
304 2113 441 2183 interea
461 2132 495 2170 A
580 2134 624 2169 23
643 2117 856 2190 ridemffiern
878 2132 900 2169 λ
924 2185 930 2190 .
1019 2133 1174 2182 lalagem
1195 2133 1217 2170 λ
1329 2138 1374 2170 24
1392 2135 1617 2185 loquemtem
1639 2135 1661 2172 λ

239 2219 263 2262 Ι
291 2219 360 2262 23.
417 2224 474 2261 AD
494 2223 636 2261 CLOEN
655 2224 693 2260 Β
807 2189 951 2261 fflffi
970 2221 1121 2274 (natum
1141 2228 1184 2262 m·
1197 2224 1320 2273 fallor
1339 2236 1391 2263 ex
1410 2226 1660 2264 LeEfieRfflE

126 2295 183 2314 =
202 2276 422 2332 λοιδορική)
451 2281 508 2318 AD
535 2281 682 2318 CLOEM
710 2281 991 2318 MERETRICEM
1010 2281 1263 2319 FVGIENTEM
1291 2282 1343 2320 SE
1365 2283 1402 2319 F
1403 2282 1424 2318 λ
1453 2280 1504 2332 (in
1535 2283 1556 2319 λ
1583 2295 1658 2321 non

129 2350 288 2386 inuectio
317 2350 387 2386 sed
414 2348 579 2386 iuueccio
607 2348 820 2405 supera-cr.)
859 2350 916 2386 AD
936 2349 1110 2387 CHLOEN
1128 2350 1252 2396 QVAM
1270 2351 1328 2387 AD
1348 2338 1471 2388 MATR
1491 2351 1659 2400 (MATRI-

126 2413 310 2465 MONIVM)
342 2417 460 2454 HORT
491 2415 756 2468 (HOR'I'ATVR)
778 2430 798 2453 τ
944 2419 961 2453 1
983 2418 1083 2455 Vitas
1110 2416 1316 2468 wu1(erasa
1343 2420 1473 2456 littera
1503 2416 1658 2471 s)x(nsv)

127 2484 261 2521 expos.
282 2477 391 2510 metr.
413 2478 610 2511 comment.
633 2474 730 2522 Cr.y
758 2474 856 2512 Vitat
876 2478 961 2511 cett.
983 2474 1102 2512 u2Ac.
1115 2475 1544 2523 Acr.Porpk.Diomed.

127 2530 277 2567 hinuleo
299 2530 353 2579 Gz
441 2531 525 2568 cloe‘
542 2532 602 2568 Fu
717 2535 738 2566 2
759 2532 934 2577 Querenti
954 2543 1002 2568 zu
1089 2534 1169 2569 auis
1191 2538 1281 2580 τιψι
1395 2536 1418 2568 4
1439 2534 1532 2570 silue
1553 2546 1585 2580 φ

127 2590 149 2622 5
176 2597 232 2634 sq.
263 2588 386 2636 uepris
414 2588 598 2625 inhorruit
617 2588 661 2625 ad
681 2584 851 2638 uentum]
879 2589 979 2626 ueris
1007 2589 1192 2627 inhorruit
1222 2590 1412 2626 Aduentus
1442 2588 1530 2626 ΩΙ)
1548 2593 1657 2637 [unm.

128 2645 279 2689 Bland.]
301 2645 391 2681 Aer.
412 2648 450 2681 et
468 2645 575 2694 why
596 2644 712 2692 (Veris
733 2646 807 2682 inh.
830 2656 862 2681 a.
885 2644 967 2693 Ac.)
1098 2649 1120 2682 5
1150 2648 1276 2695 uepris
1297 2646 1489 2694 Goqavius
1510 2646 1658 2683 Salma-

128 2701 209 2737 sius
228 2700 355 2738 Bentl.
378 2700 577 2749 Hauptius
596 2702 665 2738 alii
685 2702 772 2739 uitis
794 2701 972 2739 Muretus
1112 2705 1134 2739 6
1154 2704 1255 2740 redit
1274 2715 1298 2753 γ
1442 2704 1486 2740 ad
1508 2709 1656 2740 uentum

129 2755 305 2794 Muretus
325 2758 451 2795 Bentl.
473 2759 541 2795 alii
653 2759 782 2796 uiridis
803 2758 841 2794 Β
968 2761 988 2794 7
1010 2758 1145 2797 lacerte
1165 2772 1186 2795 τ
1310 2762 1333 2795 9
1354 2761 1470 2809 tygris
1490 2760 1546 2796 Fr

125 2816 314 2896 &aaa
329 2848 365 2883 Β
482 2850 525 2884 10
545 2849 746 2906 Gelulusue
763 2854 799 2897 ψ
821 2849 1046 2887 Goetulusue
1066 2849 1100 2887 Α
1121 2850 1320 2888 Getulusue
1341 2855 1426 2888 cett.
