1826 3204
215 186 272 227 54
778 202 936 230 noRA'r1
959 203 1171 232 CARMINVM

438 323 564 351 uncus
593 312 705 353 abest
732 313 1005 366 liquidumque
1034 315 1253 367 plumbum.
1679 322 1733 364 20

328 388 368 423 te
399 384 499 436 Spes
530 389 569 424 et
598 386 686 426 albo
717 399 806 426 rara
835 387 953 427 Fides
983 387 1076 427 colit

330 457 459 497 uelata
487 471 632 510 panno,
663 472 738 499 nec
769 461 952 499 comitem
983 460 1164 512 abnegat,

385 535 601 582 utcumque
631 537 779 572 mutata
809 534 983 585 potentis

439 608 550 644 ueste
580 605 718 645 domos
747 606 903 645 inimica
935 606 1093 657 linquis.

329 682 369 717 at
398 677 539 729 uolgus
568 679 730 718 infidum
763 683 802 718 et
831 680 1020 719 meretrix
1051 684 1161 720 retro
1679 688 1733 729 25

329 751 490 803 periura
520 751 635 797 cedit,
667 751 878 803 diffugiunt
909 752 1015 792 cadis

388 836 477 863 cum
507 825 617 864 faece
648 826 803 865 siccatis
833 827 959 871 amici,

436 898 543 937 ferre
571 899 708 949 iugum
741 900 891 951 pariter
920 899 1055 939 dolosi.

329 983 467 1010 serues
495 972 645 1011 iturum
675 972 882 1011 Caesarem
911 973 953 1012 in
983 972 1141 1013 ultimos

329 1043 436 1083 orbis
465 1044 675 1084 Britannos
705 1049 744 1084 et
772 1046 963 1085 iuuenum
992 1059 1133 1086 recens
1680 1053 1733 1094 30

387 1129 550 1157 examen
580 1118 672 1158 Eois
701 1118 921 1159 timendum

438 1191 618 1243 partibus
649 1192 885 1243 Oceanoque
915 1192 1052 1232 rubro.

330 1264 431 1303 eheu
462 1265 687 1305 cicatricum
721 1270 760 1305 et
789 1265 953 1306 sceleris
982 1265 1106 1318 pudet

328 1338 587 1389 fratrumque.
632 1339 724 1390 quid
755 1352 828 1379 nos
859 1340 957 1379 dura
987 1340 1208 1391 refugimus

386 1415 504 1457 aetas,
538 1411 632 1462 quid
660 1413 851 1452 intactum
881 1414 1022 1452 nefasti
1681 1420 1733 1460 35

435 1484 649 1535 liquimus?
684 1485 790 1525 unde
820 1498 979 1526 manum
1009 1487 1198 1527 iuuentus

329 1562 436 1597 metu
467 1558 633 1598 deorum
663 1560 867 1604 continuit,
900 1559 1043 1611 quibus

218 1740 487 1768 TESTIMONIA.

309 1795 350 1827 21
369 1804 422 1836 sq.
449 1793 600 1827 ‘canam
616 1819 624 1828 .
642 1819 651 1828 .
670 1819 678 1828 .
698 1794 803 1828 fidem
820 1794 912 1828 dixit
928 1820 937 1829 .
955 1820 963 1829 .
982 1820 990 1829 .
1011 1796 1106 1838 quod
1124 1797 1159 1828 ei
1176 1796 1260 1831 albo
1285 1807 1408 1839 panno
1431 1797 1602 1830 inuoluta
1625 1808 1736 1830 manu
1808 1818 1811 1819 ν

219 1839 501 1873 sacrificabatur
517 1864 525 1872 .
544 1864 552 1873 .
571 1865 579 1873 .
598 1840 694 1872 unde
723 1841 832 1873 Hor.:
873 1843 911 1874 et
928 1859 967 1864 —
985 1843 1125 1884 panno‘
1166 1841 1268 1874 Seru.
1301 1841 1347 1873 ad
1371 1841 1462 1874 Aen.
1486 1842 1506 1874 I
1528 1844 1594 1875 292
1635 1853 1734 1876 cons.

220 1884 398 1928 Cynthius
417 1884 606 1918 Cretensis
630 1886 669 1918 in
687 1885 839 1919 eundem
855 1886 996 1929 Vergili
1011 1886 1130 1920 locum
1155 1897 1212 1930 ap.
1230 1887 1317 1920 Mai.
1337 1889 1437 1920 auct.
1455 1887 1563 1920 class.
1581 1888 1653 1922 VII
1669 1889 1735 1922 344

217 2035 345 2063 VARIA
364 2034 528 2061 Lnono.

217 2092 452 2136 Bland.’cr.]
544 2102 611 2128 nec
631 2102 651 2126 τ
737 2102 885 2127 seuerus
906 2091 944 2127 F
1053 2093 1098 2126 20
1128 2091 1338 2140 liquidum‘
1350 2091 1398 2128 V’
1502 2094 1544 2127 21
1576 2091 1737 2130 alborata

218 2150 266 2186 A1
316 2149 439 2186 albora
466 2152 563 2195 mppr.
681 2131 815 2183 colitur
844 2147 1004 2184 Seruius
1031 2152 1067 2184 et
1090 2147 1275 2195 Cynthius
1394 2151 1438 2183 22
1467 2144 1553 2199 nec]
1582 2160 1627 2186 ne
1648 2149 1736 2187 Αιτι

329 2205 488 2252 abnegas
528 2205 653 2240 nescio
688 2204 772 2250 quis
885 2215 950 2240 uu.
971 2205 1027 2239 23.
1056 2207 1100 2239 24
1141 2205 1295 2241 inuerso
1333 2205 1467 2241 ordine
1505 2205 1737 2243 exhihentur

215 2263 255 2298 in
282 2274 308 2298 u
436 2262 481 2296 23
509 2260 671 2308 potentis
699 2260 767 2295 Βπ
786 2260 885 2307 Ppk.
935 2264 1104 2308 potentes
1131 2264 1216 2297 cett.
1344 2263 1390 2295 24
1426 2258 1581 2312 linquis]
1622 2262 1736 2299 uertis

217 2318 342 2354 Bentl.
458 2318 502 2351 25
531 2316 586 2353 Ad
610 2315 755 2363 Auppr.
806 2321 883 2352 tum
913 2316 1037 2353 Bentl.
1155 2317 1289 2366 uulgus
1306 2316 1404 2353 ’Βλιι
1517 2318 1679 2355 meritrix
1698 2317 1738 2354 B

319 2375 364 2409 26
392 2374 460 2410 Per
479 2374 558 2410 iura
579 2373 634 2408 At
748 2373 846 2428 cedit
864 2384 889 2422 γ
1003 2369 1219 2424 diffugiunt]
1241 2373 1388 2422 fugiunt
1407 2374 1473 2410 Fu:
1584 2377 1628 2409 27
1657 2373 1735 2412 fece

216 2429 352 2466 Ελπτιι
372 2429 463 2466 Acr.
558 2429 703 2465 siccitas
722 2429 771 2465 A1
885 2430 929 2464 29
956 2428 1032 2466 huc
1052 2430 1326 2477 transponebat
1347 2430 1389 2467 G.
1403 2428 1581 2477 Wolffius
1591 2427 1734 2480 (philol.

216 2487 319 2523 XVIII
339 2482 418 2534 728)
448 2485 647 2532 stropham
674 2489 872 2532 quartam,
908 2497 972 2522 uu.
994 2486 1139 2522 29-32
1165 2496 1259 2523 uero
1286 2487 1436 2524 ultimos
1462 2486 1576 2523 huius
1595 2487 1734 2523 carmi-

217 2544 276 2580 nis
304 2551 385 2578 esse
405 2542 627 2588 suspicatur
646 2542 764 2578 ultimi
786 2541 1069 2590 Cunmyhamus
1182 2544 1226 2578 30
1255 2539 1373 2593 orbis]
1403 2553 1468 2579 oro
1497 2541 1623 2579 Bentl.
1645 2553 1733 2590 opp.

215 2599 315 2647 Pph.
431 2597 636 2634 brittannos
655 2609 710 2647 γπ
823 2609 955 2646 regens
975 2597 1013 2634 B
1125 2600 1169 2634 32
1199 2609 1408 2654 oceanoque
1434 2603 1469 2644 ψ
1583 2600 1627 2636 33
1656 2597 1735 2635 Heu

217 2656 289 2692 heu
309 2650 865 2703 an(&n)y(PulmanniE)Ac-.
904 2654 980 2691 Heu
1001 2653 1092 2703 AyG
1104 2654 1247 2700 V[omn.
1255 2656 1385 2690 Bland.
1388 2652 1635 2703 ]χ(αρσ)ΡρΙι.
1666 2654 1734 2691 He-

218 2713 289 2749 heu
309 2709 393 2758 λψρ]
421 2710 521 2747 Eheu
540 2721 644 2758 τφαχ
730 2713 773 2746 34
795 2711 884 2748 dure
904 2711 1063 2760 fugimus
1084 2711 1133 2747 A1
1154 2710 1232 2758 (alt.
1254 2722 1303 2749 m.
1325 2722 1345 2747 e
1365 2711 1404 2747 in
1424 2722 1444 2747 a
1463 2709 1639 2758 mutauit)
1669 2710 1734 2748 du-

217 2779 297 2805 rare
318 2767 478 2816 sugimus
497 2765 535 2802 B
571 2765 789 2815 refugimus,
811 2778 880 2804 om.
903 2767 992 2804 dura
1011 2778 1032 2802 τ
1124 2769 1166 2803 35
1197 2767 1392 2808 intantum,
1413 2767 1483 2804 sed
1500 2778 1524 2803 n
1545 2778 1620 2804 non
1639 2767 1734 2804 satis

216 2825 334 2872 liquet
354 2822 403 2860 A1
516 2824 560 2858 36
588 2823 799 2871 Linquimus
820 2820 1148 2873 Buxfflopncorr.)
1171 2822 1357 2875 opp.Acr.
1379 2827 1416 2860 et
1433 2823 1540 2873 why
1558 2823 1656 2871 Pph.

221 2891 347 2918 manus
365 2891 427 2928 μω
448 2880 606 2925 [manum
626 2891 722 2916 omn.
745 2880 894 2925 Bland]
