1826 3204
717 164 798 191 Lm.
820 164 846 191 1.
867 165 968 192 25—27
1545 143 1602 186 43

755 297 927 338 XXVII

194 379 301 420 Natis
330 380 374 419 in
403 390 519 418 usum
548 377 720 417 laetitiae
750 375 908 429 scyphis

191 465 371 506 pugnare
401 451 599 492 Thracum
632 455 710 490 est:
742 449 867 490 tollite
897 447 1111 488 barbarum

222 534 400 567 'morem
430 524 783 575 uerecundumque
812 521 1011 563 Bacchum

301 599 527 651 sanguineis
555 597 766 650 prohibete
796 597 904 636 rixis.

192 674 285 713 uino
317 677 356 712 et
384 672 559 712 lucernis
588 671 726 711 Medus
756 671 935 711 acinaces
1316 667 1319 670 ’
1578 673 1603 712 5

191 748 361 786 immane
392 750 583 797 quantum
612 745 829 797 discrepat:
861 744 1029 796 impium

247 819 369 859 lenite
399 819 626 864 clamorem,
659 817 826 863 sodales,

300 897 340 932 et
369 892 503 933 cubito
536 896 740 932 remanete
770 903 923 944 presso,

192 966 310 1007 uoltis
340 968 473 1006 seueri
502 979 566 1006 me
597 976 756 1017 quoque
786 977 945 1005 sumere

190 1044 346 1093 partem
375 1039 556 1095 Falerni?
587 1039 690 1079 dicat
720 1039 915 1091 Opuntiae
1199 1069 1203 1073 .
1552 1040 1604 1080 10

247 1115 371 1154 frater
400 1113 592 1165 Megillae‚
625 1124 704 1164 quo
734 1113 874 1153 beatus

300 1186 479 1232 uolnere,
512 1198 590 1238 qua
618 1191 758 1238 pereat
787 1188 938 1237 sagitta.

191 1264 319 1300 cessat
350 1259 556 1300 uoluntas?
586 1272 667 1299 non
697 1259 770 1299 alia
800 1246 931 1299 bibam

191 1333 388 1374 mercede.
432 1345 534 1384 quae
563 1338 603 1373 te
634 1344 805 1384 cumque
835 1333 968 1373 domat
1001 1334 1144 1377 Venus,

246 1419 328 1447 non
359 1406 642 1447 erubescendis
671 1406 803 1446 adurit
1551 1409 1602 1449 15

299 1480 469 1532 ignibus,
501 1481 755 1531 ingenuoque
786 1491 944 1531 semper

190 1566 326 1594 amore
355 1566 517 1606 peccas:
551 1554 739 1605 quicquid
768 1553 904 1598 habes,
937 1564 1008 1605 age

79 1702 348 1731 TESTIMONIA.

211 1758 308 1791 127.
358 1758 377 1790 1
403 1767 459 1799 sq.
497 1756 617 1789 ‘natis
634 1774 677 1780 —
695 1757 768 1789 est'
799 1755 916 1789 schol.
943 1755 1036 1790 Stat.
1061 1755 1176 1790 Theb.
1201 1756 1238 1788 H
1261 1757 1305 1789 85
1422 1757 1439 1788 1
1464 1765 1602 1798 praem.

79 1802 278 1836 ‘uicesima
302 1803 434 1845 quinta
458 1802 543 1835 ode'
567 1801 736 1835 Diomed.
762 1803 827 1834 522
942 1802 963 1833 8
986 1801 1121 1843 Porph.
1149 1801 1196 1833 ad
1218 1811 1326 1834 serm.
1351 1801 1388 1834 H
1410 1802 1444 1843 4,
1470 1803 1514 1835 39

79 1849 212 1882 14—16
237 1847 520 1890 ‘quemcumque
537 1865 579 1871 —
595 1847 762 1890 ignibus’
786 1846 893 1879 floril.
918 1846 1036 1879 Paris·
1062 1846 1151 1881 8069

75 1985 206 2014 VARIA
222 1985 389 2013 LEO'HO.

190 2038 215 2080 I
242 2037 309 2080 27.
369 2042 426 2079 AD
454 2042 647 2079 SODALES
675 2042 749 2078 AB
777 2041 829 2090 (in
851 2042 884 2078 A
912 2043 1044 2079 titulus
1071 2043 1124 2080 ad
1148 2054 1273 2091 marq.
1295 2044 1516 2090 adscriptus
1535 2039 1603 2092 est)

75 2100 133 2137 ΑΙ)
168 2099 384 2137 CONVIVAS
419 2098 613 2136 SODALES
649 2099 758 2136 SVOS
792 2099 845 2136 DE
880 2099 1145 2137 HILARITATE
1180 2100 1265 2149 Fyz.
1320 2100 1377 2136 AD
1410 2100 1605 2138 SODALES

77 2156 188 2195 SVOS
207 2167 228 2192 τ
334 2158 352 2190 1
382 2155 546 2193 laeticiae
567 2155 601 2192 Α
629 2155 772 2192 leticiae
792 2162 854 2204 ψιι
883 2155 1021 2193 letitiae
1043 2168 1074 2203 φ
1160 2156 1296 2205 sciphis
1316 2157 1379 2193 Fu
1464 2162 1605 2193 tracum

76 2214 134 2262 Αγ
172 2212 299 2250 trechii
318 2217 380 2259 ψα
418 2212 525 2250 dracfi
542 2224 563 2248 τ
653 2214 675 2248 3
703 2213 999 2261 uerecudumque
1018 2212 1056 2248 F
1096 2213 1456 2261 inuerecundumque
1476 2213 1603 2250 Bentl.

77 2280 166 2316 opp.
178 2268 268 2306 Aer.
290 2272 329 2306 et
347 2268 456 2318 sclay
569 2268 717 2306 haecum
738 2278 795 2317 τψ
927 2272 950 2303 4
978 2268 1146 2317 proibete
1167 2275 1202 2317 ψ
1225 2301 1230 2308 .
1315 2281 1381 2306 uu.
1401 2271 1504 2304 5-8
1530 2270 1603 2306 del.

76 2325 229 2363 Peerlk.
316 2337 354 2362 u.
376 2328 397 2361 5
418 2337 489 2363 om.
512 2325 563 2362 F1
649 2327 812 2363 aelnaces
833 2326 936 2373 me
945 2324 1044 2372 Pplz.
1074 2327 1230 2363 acinacis
1250 2326 1517 2375 ΑΒγλταςΑο.

77 2385 99 2419 6
117 2383 264 2419 Inmane
283 2382 403 2431 γτΑσ.
445 2377 563 2419 imane
586 2383 619 2418 B
704 2383 886 2431 discrepet
905 2382 943 2418 B
1028 2382 1168 2431 inpium
1188 2382 1209 2418 λ
1230 2394 1302 2419 om.
1323 2395 1344 2418 τ
1430 2385 1452 2418 8
1480 2379 1603 2431 cupito

10 2479 12 2481 v
77 2455 203 2503 λρνπι
241 2455 377 2504 culpito
397 2467 422 2505 y
525 2460 688 2493 remante
707 2456 745 2492 B
847 2457 869 2490 9
898 2443 1014 2492 letis
1034 2456 1071 2491 B
1109 2456 1225 2493 Vultis
1245 2459 1331 2493 cett.
1421 2466 1546 2492 seuere
1567 2456 1605 2492 B

77 2512 195 2549 seueri
216 2511 254 2547 F
365 2514 406 2547 11
438 2503 616 2561 megffllae
636 2512 756 2562 ΑΒγλ
792 2511 960 2560 megillae
981 2512 1071 2549 ch
1080 2512 1169 2549 Aer.
1183 2513 1292 2562 schy
1331 2512 1486 2561 megylle
1507 2524 1528 2548 τ

3 2578 13 2583 ‘
78 2551 122 2604 1‘2
150 2568 306 2605 Vulnere
326 2566 369 2604 Ω
404 2569 560 2606 Vulnere
582 2568 649 2606 Ac.
756 2580 827 2617 qua
847 2580 918 2605 om.
939 2578 982 2604 ul
1095 2571 1138 2604 13
1167 2569 1338 2606 uoluntas
1358 2569 1451 2618 AyG
1471 2579 1523 2605 ex
1543 2571 1602 2606 sil.

77 2625 288 2661 Pulmanm'
305 2621 436 2674 χ(βηρ)
465 2629 662 2662 comment.
684 2626 771 2662 item
794 2625 921 2661 Acron
951 2625 1084 2673 leyisse
1101 2626 1301 2672 putandus
1320 2630 1376 2662 est
1398 2622 1491 2675 (‘se.
1513 2637 1602 2662 con-

78 2681 274 2727 sessionis'
297 2681 387 2718 Aer.
405 2681 462 2718 (ἠ.
480 2691 513 2719 e.
530 2681 655 2728 confi-³
677 2683 785 2731 sehr
826 2686 834 2699 ‘
846 2678 1035 2732 uoluptas]
1057 2682 1093 2718 h.
1110 2691 1142 2719 e.
1165 2681 1417 2729 confessionis
1435 2682 1585 2718 bibendi
1592 2686 1600 2697 ’

78 2734 193 2785 selei.)
225 2736 395 2786 uoluptas
418 2734 848 2788 ΒΡλπταῂαδθρσῃΙιυ)
861 2737 1286 2786 Ασ.ΡονρΙι.εε1ι.λφόἰε
1308 2735 1356 2789 (81
1376 2749 1451 2774 non
1472 2737 1600 2788 liquet)

136 2791 243 2829 aliam
260 2804 284 2841 y
371 2795 416 2828 14
436 2805 506 2842 que
527 2794 576 2831 A1
662 2800 700 2831 te
720 2806 790 2831 om.
812 2793 900 2842 Ρπχ
986 2796 1030 2829 15
1050 2795 1300 2832 erubescentis
1319 2806 1340 2830 τ
1428 2796 1471 2829 16
1498 2794 1600 2843 inge-

80 2849 217 2897 nioque
237 2848 305 2885 Βπ
332 2850 561 2899 ingenuamq.
583 2861 604 2886 τ
641 2852 800 2900 ingenuo
822 2861 848 2886 u
878 2851 1023 2901 genioq.
1044 2851 1083 2887 F
1165 2853 1208 2887 17
1229 2851 1316 2901 quid
1335 2850 1447 2887 habes
1466 2861 1507 2901 γι
