1846 3204
743 183 824 210 LIB-
846 183 890 210 11.
913 184 1012 212 17-18
1588 166 1644 210 89

233 310 298 338 me
327 298 448 350 petit3
481 296 578 336 nihil
608 306 727 348 supra

289 371 385 411 deos
414 370 578 415 lacesso,
610 381 685 410 nec
714 372 919 421 potentem
949 364 1141 408 amicum'

233 445 404 496 largiora
434 443 578 495 flagito,

289 519 382 558 satis
410 517 551 556 beatus
579 516 707 555 unicis
737 514 904 555 Sabinis.

234 591 407 631 truditur
435 590 520 630 dies
549 590 625 635 die,
1592 593 1643 632 15

288 675 498 715 nonaeque
526 666 702 716 pergunt
728 663 895 702 interire
925 662 1065 702 lunae:

234 743 278 779 tu
308 737 477 779 secanda
506 749 705 778 marmora

288 812 395 852 locas
425 811 500 851 sub
529 812 662 863 ipsum
691 810 813 850 funus
843 814 883 850 et
912 809 1115 862 sepulchri

231 888 442 926 immemor
472 886 594 925 struis
623 885 774 929 domos,

288 960 488 1010 marisque
519 960 610 999 Bais
639 958 907 1010 obstrepentis
938 969 1058 1009 urges
1591 960 1644 999 20

233 1045 487 1074 summouere
517 1033 646 1078 litora,

288 1119 430 1160 parum
459 1106 638 1159 locuples
668 1106 897 1145 continente
926 1105 1024 1158 ri'pa.

235 1181 328 1232 quid
359 1181 465 1232 quod
495 1192 622 1231 usque
651 1180 856 1232 proximos

288 1254 450 1294 reuellis
480 1255 565 1305 agri
595 1253 787 1294 terminos
819 1257 858 1292 et
887 1252 991 1292 ultra

231 1328 378 1368 limites
408 1328 612 1367 clientium
1592 1331 1645 1371 25

288 1401 380 1442 salis
411 1402 581 1442 auarus?
611 1400 773 1453 pellitur
801 1404 990 1453 paternos
1025 1404 1027 1406 ’

231 1477 272 1516 in
302 1477 390 1516 sinu
420 1476 556 1532 ferens
585 1475 697 1515 deos'·

289 1554 328 1589 et
357 1562 459 1589 uxor
490 1553 530 1588 et
560 1550 621 1588 uir
651 1548 912 1600 sordidosque
941 1553 1066 1588 natos.

131 1625 138 1633 '
193 1654 201 1656 s
231 1623 339 1663 nulla
369 1624 516 1663 certior
546 1628 679 1662 tamen

287 1698 443 1748 rapacis
473 1696 567 1736 Orci
596 1697 674 1736 fine
705 1696 897 1736 destinata
1592 1700 1645 1740 30

119 1846 374 1874 TESTIMONIA
379 1865 387 1873 .

211 1908 253 1940 15
278 1916 333 1949 sq.
364 1905 573 1939 Hildebert.
599 1905 727 1938 moral.
752 1904 884 1947 philos.
909 1915 944 1947 p.
970 1906 1035 1938 971
1136 1906 1178 1938 19
1202 1904 1300 1938 Plot.
1326 1906 1358 1946 5,
1384 1906 1405 1938 8
1498 1907 1647 1939 22—24

120 1953 168 1984 cf.
193 1951 290 1985 Plot.
315 1953 348 1994 5,
374 1953 436 1984 11:
469 1951 701 1984 ‘continente
725 1950 817 1993 ripa.
866 1949 964 1991 Quid
989 1950 1085 1991 quod
1108 1960 1226 1993 usque
1259 1952 1463 1993 proximum
1492 1951 1646 1984 reuellis

120 2007 249 2040 agrum
271 1997 386 2030 hunc‘
456 1998 500 2030 23
516 2006 570 2038 sq.
597 1996 644 2029 cf.
671 1994 884 2038 ‘postquam
908 1996 1092 2039 proximos
1117 1995 1333 2029 reuellendo
1356 1996 1533 2029 terminos
1558 2006 1647 2039 ager

117 2042 314 2085 locupletis
339 2042 453 2075 latius
482 2041 694 2074 inundauit'
735 2040 892 2082 Quintil.
918 2040 1116 2074 declamat.
1141 2041 1233 2073 XIII
1256 2043 1277 2074 2
1392 2043 1435 2075 26
1461 2051 1514 2083 sq.
1557 2041 1646 2075 ‘hoc

119 2098 227 2130 posse
251 2087 331 2120 fieri
356 2098 401 2119 ex
424 2087 558 2120 Horati
582 2086 692 2119 dictis
716 2086 972 2129 intelligimus,
1003 2087 1078 2128 qui,
1105 2097 1186 2118 cum
1210 2086 1426 2128 loqueretur
1450 2086 1493 2120 de
1520 2088 1646 2119 auaris

118 2133 343 2176 potentibus,
369 2132 424 2164 ait
447 2132 491 2165 de
515 2132 638 2164 uicino
665 2131 821 2164 cliente:
846 2131 996 2174 pellitur
1012 2150 1054 2154 —
1071 2131 1179 2164 deos’
1204 2131 1306 2164 Seru.
1334 2131 1381 2164 ad
1397 2132 1486 2164 Aen.
1503 2132 1556 2165 VI
1579 2134 1645 2165 609

208 2179 354 2211 29—-32
395 2176 623 2220 ‘sepulcrum
654 2176 760 2210 sedes
791 2179 961 2210 uocatur.
999 2177 1087 2209 Hor.
1128 2177 1293 2209 nulla—
1312 2178 1429 2210 erum‘
1470 2176 1572 2210 Seru.
1599 2177 1646 2211 ad

119 2222 209 2255 Aen.
235 2223 287 2255 VI
313 2223 377 2256 152

118 2361 246 2389 VARIA
265 2361 430 2388 LEGTIO.

232 2427 272 2459 11
304 2424 416 2461 nichil
436 2435 463 2461 u
571 2426 614 2458 12
643 2423 781 2460 lacessa
802 2422 840 2459 B
955 2425 997 2458 17
1028 2423 1077 2459 Te
1097 2429 1193 2470 ψρν.
1309 2435 1493 2461 mot-mora
1512 2424 1561 2461 A1

120 2482 163 2516 18
191 2481 285 2532 ipss]
312 2481 420 2517 sunus
439 2493 471 2529 φ
557 2480 715 2529 sepulcri
735 2480 835 2527 Βψιι
847 2480 932 2516 Aer.
1012 2481 1064 2514 ,19
1091 2480 1272 2518 Inmemor
1290 2479 1407 2525 Γλπς
1434 2480 1590 2518 lffiemor
1610 2482 1646 2517 B

201 2540 247 2573 20
274 2537 339 2574 bas
358 2548 404 2574 πι
491 2549 626 2585 urgues
645 2548 698 2585 πχ
713 2537 910 2584 ορμΡρΙι.
996 2537 1039 2571 21
1071 2536 1297 2574 Submouere
1317 2548 1360 2574 m
1389 2537 1590 2575 Sumouere
1613 2539 1649 2574 F

118 2605 336 2642 promouere
356 2594 508 2631 Peerlk.
586 2594 711 2630 littora
732 2593 850 2639 Αλψιι
937 2604 999 2629 uu.
1018 2595 1164 2629 22—29
1183 2605 1254 2631 om.
1272 2594 1310 2630 B
1405 2597 1448 2629 25
1478 2594 1644 2631 Limitem

117 2649 395 2701 παῃωεμυαν.)
426 2650 521 2698 fort.
556 2651 690 2686 melius
803 2652 848 2685 26
878 2647 1011 2698 patnus
1044 2661 1129 2697 vpr.
1236 2653 1281 2686 28
1310 2662 1381 2699 que
1415 2661 1488 2686 om.
1510 2662 1530 2685 τ

118 2711 223 2743 natus
242 2717 281 2744 'cl
366 2709 410 2742 29
430 2708 570 2744 cercior
587 2718 614 2743 u
701 2709 745 2743 30
765 2707 906 2755 capacis
928 2706 1051 2743 Bentl.
1074 2718 1162 2754 opp.
1178 2707 1285 2756 salty
1300 2707 1422 2754 Pph.‚·
1443 2711 1480 2743 et
1497 2706 1644 2744 Seneca

119 2762 320 2810 Hippolyt.
342 2765 430 2799 1152
463 2764 663 2800 Plutonem
692 2767 729 2800 et
762 2763 932 2799 Tibullus
951 2763 965 2798 Ι
985 2765 1018 2804 3.
1038 2765 1084 2799 65
1111 2767 1270 2800 mortem
1298 2772 1482 2810 rapacem
1512 2765 1644 2810 appel-

118 2819 299 2855 lauet-unt
386 2819 457 2857 fine
479 2818 522 2856 ,Ω
545 2821 582 2866 [4
602 2821 733 2855 Bland.
754 2826 795 2855 ut
815 2819 905 2863 uid-J
927 2818 1027 2865 Pph.
1048 2819 1157 2868 scluy
1166 2824 1226 2856 ter
1245 2819 1382 2867 sclmhp
1411 2821 1500 2856 item
1517 2819 1647 2856 Seruii

118 2876 225 2912 codd.
249 2874 494 2913 casseliensis
513 2877 741 2923 Reyinensis
760 2876 966 2912 Parisinus
986 2877 1075 2911 7929
1095 2877 1208 2913 editio
1227 2877 1330 2913 Dan.
1378 2875 1463 2913 sede
1481 2877 1642 2924 y[Mart.
