1826 3204
630 728 684 782 Q.
706 727 941 771 HORATI
969 727 1190 771 FLAcel

510 842 562 907 O
604 843 666 906 A
708 843 772 906 R
818 844 892 906 M
942 843 976 906 I
1010 843 1087 921 N
1130 842 1192 908 V
1232 843 1307 907 M

695 978 845 1011 LIBER
869 978 1122 1013 SECVNDVS

897 1207 919 1245 I

261 1258 441 1331 Motum
473 1301 521 1329 ex
551 1289 708 1330 Metello
739 1289 902 1329 consule
933 1291 1116 1335 ciuicum,

262 1362 436 1414 bellique
466 1376 605 1403 causas
636 1368 676 1403 et
705 1364 800 1403 uitia
831 1368 871 1403 et
900 1363 1052 1410 modos,

317 1436 534 1488 ludumque
563 1438 763 1478 Fortunae
792 1438 1006 1490 granisque

369 1512 593 1563 principum
625 1512 814 1551 amicitias
845 1515 885 1551 et
914 1524 1023 1551 arma
1203 1565 1206 1568 ⁴

255 1584 440 1624 nondum
471 1585 636 1637 expiatis
665 1590 783 1625 uncta
814 1585 1037 1631 cruoribus,
1647 1591 1672 1629 5

260 1658 508 1710 periculosae
537 1658 701 1711 plenum
730 1672 830 1711 opus
860 1658 981 1705 aleae,

317 1736 463 1772 tractas
493 1737 533 1772 et
560 1733 711 1772 incedis
739 1745 813 1785 per
842 1733 954 1784 ignes

151 1891 418 1919 TESTIMONIA.

239 1957 277 1990 Π
301 1958 348 1990 1.-
381 1959 399 1990 1
426 1957 529 1992 Seru.
553 1957 600 1990 ad
623 1956 713 1991 Aen.
738 1958 790 1991 VI
814 1960 879 1991 772
926 1968 1063 2001 praem.
1091 1957 1226 2001 ‘prima
1251 1958 1336 1991 ode'
1361 1958 1527 1992 Diomed.
1552 1960 1619 1993 523

153 2005 174 2036 3
198 2012 253 2045 sq.
295 2002 520 2046 ‘grauesque
538 2020 580 2025 —
599 2003 802 2035 amieitias'
843 2003 925 2036 Aer.
960 2003 1007 2036 ad
1038 2014 1068 2036 c.
1100 2004 1137 2036 II
1169 2005 1223 2044 19,
1248 2004 1269 2036 8
1406 2006 1428 2038 3
1466 2004 1563 2038 Plot.
1594 2006 1628 2046 9,
1653 2006 1674 2038 7

240 2049 352 2081 6-10
376 2047 583 2081 ‘blanditur
606 2049 679 2081 iam
701 2048 862 2081 Pollioni
886 2051 1042 2091 patrono
1067 2058 1176 2091 quem
1198 2049 1472 2092 tragoediarum
1498 2053 1536 2083 et
1558 2050 1674 2083 histo-

149 2094 287 2126 riarum
311 2093 527 2136 scriptorem
542 2094 630 2126 Hor.
649 2094 766 2127 fuisse
790 2096 960 2127 testatur.
997 2104 1081 2127 nam
1105 2095 1144 2126 in
1167 2094 1329 2127 secundo
1355 2095 1559 2128 carminum
1582 2095 1676 2128 dicit

149 2138 194 2172 de
218 2139 400 2172 historiis:
431 2139 680 2181 periouiosum
695 2157 740 2162 —
756 2139 893 2172 doloso.
941 2140 1031 2172 item
1060 2139 1174 2182 paulo
1204 2142 1310 2182 post:
1340 2140 1492 2183 paulum
1508 2158 1553 2164 —
1569 2141 1674 2174 thea-

148 2184 233 2216 tris'
274 2183 377 2226 Seru.
403 2183 451 2217 ad
475 2184 544 2218 ecl.
570 2187 603 2227 3,
628 2185 673 2217 84
810 2187 830 2218 7
856 2194 910 2227 sq.
952 2184 1111 2217 ‘incedis
1128 2202 1172 2207 —-
1189 2184 1332 2218 doloso’
1374 2184 1475 2219 Seru.
1509 2185 1557 2218 ad
1582 2186 1672 2220 Aen.

148 2378 277 2407 VARIA
296 2378 462 2406 LECTIO.
848 2391 857 2400 ·

262 2442 311 2485 ΙΙ
341 2444 376 2485 1.
435 2449 492 2484 An
511 2448 688 2485 Asuuvu
708 2448 958 2485 POLLIONEM
979 2447 1016 2483 B
1067 2449 1287 2494 L00v1TVR
1306 2449 1450 2487 Asnuo
1470 2450 1674 2488 POLLIONI

149 2503 351 2552 (POLLONI
372 2503 393 2540 λ
431 2505 603 2542 Pomm
623 2505 688 2553 ψι)
728 2505 828 2542 vmo
867 2504 1109 2542 CONSVLARI
1149 2506 1221 2552 Qw
1260 2506 1531 2544 mrssnuisffls
1571 2507 1673 2544 TRA-

150 2572 319 2610 GOEnns
338 2573 464 2610 BELLI
484 2573 638 2611 elvlLls
665 2560 868 2610 ffls'romi
880 2572 1099 2610 nEscmmT
1119 2573 1178 2610 Fi
1217 2575 1274 2610 An
1293 2562 1438 2611 Asuui(
1457 2563 1672 2612 POLLIONI}

150 2626 343 2677 &SVLARE
371 2627 481 2678 vnn-r,
511 2641 786 2679 PRACMATICE
809 2640 1094 2679 TETRACOLOS
1113 2654 1138 2691 y
1195 2642 1252 2678 An
1285 2642 1463 2680 ASINIVM
1497 2643 1673 2680 POLLIO-

149 2712 240 2750 ΝΕΜ
259 2713 547 2752 CONSVLAREM
566 2715 700 2753 vmvm
719 2727 740 2751 τ
796 2716 913 2751 inser.
935 2726 1006 2752 om.
1027 2714 1062 2751 Α
1161 2717 1178 2750 1
1201 2716 1357 2753 metaeno
1377 2727 1398 2752 τ
1483 2705 1632 2754 οοιιεὸιε
1652 2716 1674 2752 λ

235 2771 257 2805 3
278 2781 408 2818 graues
427 2782 454 2808 u
545 2775 568 2807 4
594 2772 817 2821 Principium
839 2771 872 2807 A
957 2772 1130 2809 amititias
1151 2783 1176 2808 u
1262 2775 1283 2808 5
1316 2774 1427 2810 tincta
1448 2772 1574 2810 Benll.
1606 2774 1675 2810 sed

151 2824 204 2872 cf.
226 2825 587 2931 ζιζῦὲἰζιεενέᾳῖὃδὸ,
607 2831 674 2864 275
769 2830 791 2864 6
818 2827 1047 2887 Periculosse
1066 2827 1088 2864 λ
1123 2829 1352 2868 Periculosae
1373 2829 1411 2866 B
1497 2830 1618 2867 alaeae
1639 2830 1673 2867 A

339 2923 351 2940 6
