1846 3216
864 183 932 210 6—s
1579 161 1660 204 201

304 300 540 346 mentesque
570 293 776 347 perculsae
806 297 980 344 stupent.

249 371 305 409 sic
337 374 414 409 est:
447 368 590 408 acerba
619 369 698 408 rata
727 367 926 407 Romanos
957 369 1078 416 agunt

305 442 516 494 scelusque
545 443 746 482 fraternae
775 440 899 485 necis,

247 521 292 557 ut
319 517 567 556 immerentis
595 515 710 555 fluxit
737 515 779 554 in
809 518 955 554 terram
987 512 1102 553 Remi

305 603 418 631 sacer
446 588 662 643 nepotibus
692 601 825 628 cruor.
1608 587 1662 628 20

841 782 949 822 VIII

246 863 403 914 Rogare
431 861 550 913 longo
580 860 755 913 putidam
786 864 826 899 te
857 847 1015 900 saeculo

303 937 413 976 uires
443 935 538 987 quid
569 938 736 975 eneruet
763 946 894 974 meas:

205 996 209 999 ¹
250 1022 338 1050 eum
370 1010 422 1049 sit
449 1008 522 1048 tihi
551 1008 651 1048 dens
680 1012 766 1048 ater
796 1013 836 1047 et
865 1008 976 1058 rugis
1005 1011 1123 1046 uetus

306 1083 479 1122 frontem
510 1086 695 1122 senectus
725 1086 862 1121 exaret

249 1156 412 1207 hietque
442 1156 570 1208 turpis
598 1156 704 1195 inter
734 1155 864 1195 aridas
893 1155 996 1194 natis
1638 1158 1663 1196 5

305 1229 579 1282 podexssuelut
609 1228 756 1269 crudae
786 1228 926 1268 bouis?

249 1303 319 1343 sed
348 1303 486 1343 incitat
514 1315 579 1342 me
607 1307 749 1354 peetus
781 1306 820 1341 et
839 1295 1043 1341 ‘mammae
1074 1304 1228 1353 putres,

306 1377 451 1429 equina
483 1376 619 1428 quales
648 1375 787 1422 ubera,

248 1455 472 1501 uenterque
500 1449 631 1490 mollis
662 1453 702 1489 et
719 1449 862 1489 -t'emur
893 1447 1140 1488 tumentibus

307 1524 408 1564 exile
438 1525 542 1564 suris
572 1523 760 1563 additum.
1018 1536 1022 1537 ⁷
1610 1523 1663 1563 10

252 1602 336 1638 esto
367 1597 495 1643 beata,
526 1597 647 1637 sunus
677 1600 796 1647 atque
825 1597 1018 1647 imagines

306 1671 453 1711 ducant
483 1668 744 1722 triumphales
777 1674 901 1714 tuum,

250 1756 325 1785 nee
354 1745 406 1784 sit
434 1728 587 1789 marita,
621 1755 722 1794 quae
752 1741 1053 1783 rotundioribus

137 1929 191 1956 'm
196 1927 350 1955 s'rmon
352 1927 410 1954 1A.

227 1992 344 2037 Epod.
368 1993 401 2027 8.
449 1993 467 2024 1
485 2002 625 2036 praem.
652 1990 800 2024 ‘octaua
825 1990 905 2024 ode'
929 1990 1096 2024 Diomed.
1122 1991 1188 2024 528
1282 1991 1322 2023 11
1348 1999 1404 2032 sq.
1431 1990 1546 2023 schol.
1568 1990 1663 2024 Stat.

137 2039 254 2072 Theb.
279 2038 331 2072 VI
353 2039 421 2071 268
537 2038 579 2071 13
603 2046 660 2080 sq.
684 2037 799 2070 schol.
826 2037 919 2070 Stat.
945 2036 1061 2070 Theb.
1087 2036 1163 2068 1111
1187 2037 1253 2070 207
1355 2035 1664 2078 ‘quae—baeeis’

138 2199 268 2229 VARIA
284 2199 450 2227 LEGTIO.

252 2265 297 2300 16
315 2274 511 2314 percussae
531 2260 628 2314 2(s)y
744 2264 785 2297 17
817 2261 910 2298 saeta
929 2260 1010 2298 sch.
1029 2259 1124 2298 Stat.
1240 2255 1372 2310 agunt]
1393 2265 1564 2309 premunt
1583 2261 1663 2297 sch.

141 2321 238 2359 Stat.
354 2322 398 2356 18
427 2319 555 2369 Scelus
579 2319 615 2354 A
701 2318 858 2355 fraterne
879 2317 936 2354 Αλ
1051 2319 1095 2352 19
1115 2317 1339 2353 immerentis
1360 2316 1484 2354 λοονν.
1506 2317 1665 2354 ifneren·

140 2379 188 2415 tis
208 2378 246 2414 B
274 2378 488 2414 inmerentis
507 2377 625 2426 Fynu
656 2377 875 2412 inmerentes
895 2374 1034 2421 APph.
1066 2375 1298 2410 immerentes
1318 2373 1402 2420 Zpr.

252 2453 377 2506 Epod.
410 2451 447 2494 8.
507 2455 816 2492 PROSTITVTAM
836 2453 1027 2490 PVTIDAM
1046 2453 1168 2490 ANVM
1184 2453 1411 2490 SECTATVR
1430 2453 1549 2490 vl'rlA
1565 2453 1666 2490 COR-

140 2513 265 2552 PORIS
304 2512 402 2550 EIVS
439 2511 731 2549 PROSCRIBENS
749 2510 847 2548 ΑΒλ
967 2509 1275 2547 PROSTITVDAM
1312 2510 1506 2547 PVTlDAM
1543 2511 1665 2547 ANVM

141 2581 368 2643 SECIATVP
387 2580 506 2616 VITIA
535 2579 746 2616 CORPORIS
772 2579 869 2616 EIVS
896 2579 940 2614 IN
960 2578 1197 2615 GRATIDIAM
1215 2590 1240 2627 γ
1354 2578 1397 2614 IN
1416 2565 1505 2614 ANV
1523 2577 1666 2613 LIBIDI-

139 2649 254 2687 NOSA
275 2649 365 2694 QVA
382 2648 671 2685 ASPERNATVR
692 2648 728 2683 F
845 2648 859 2680 l
886 2647 964 2691 seio
985 2647 1046 2683 Fu
1076 2646 1200 2683 seculo
1216 2645 1251 2682 A
1380 2648 1401 2680 2
1423 2645 1521 2693 quod
1540 2641 1665 2693 Βγχ(α

143 2702 249 2753 (hyle)
270 2702 337 2753 (qd
356 2702 396 2755 μ)
528 2710 678 2741 eneruat
698 2700 771 2753 χ(σ)
935 2705 955 2738 3
986 2703 1074 2740 Cum
1095 2704 1144 2740 sit
1163 2703 1251 2740 dens
1273 2707 1350 2739 ater
1371 2701 1436 2738 tibi
1458 2706 1494 2737 et
1513 2713 1538 2749 γ

142 2762 254 2809 uietis
274 2772 332 2802 m,
353 2765 456 2799 recte
476 2771 521 2798 m
649 2764 670 2796 5
701 2761 797 2797 natis
818 2769 847 2795 π
876 2765 979 2797 nates
1000 2763 1086 2797 cett.
1199 2764 1204 2768 ⁴
1228 2761 1250 2794 6
1280 2758 1389 2795 uelud
1410 2768 1435 2794 u
1569 2758 1591 2792 8
1620 2757 1663 2793 Et

145 2818 254 2866 quina
273 2829 298 2866 γ
425 2818 543 2866 qualis
564 2814 752 2864 Ath'cpr.
898 2818 938 2850 11
962 2816 1081 2853 sumus
1103 2815 1186 2863 Zpr.
1331 2817 1373 2849 12
1404 2813 1605 2850 triumfales
1629 2813 1664 2849 B

258 2875 301 2909 13
322 2885 414 2923 quae
434 2870 493 2925 rx]
517 2879 697 2923 quaerunt
717 2872 913 2910 unionibus
934 2873 1124 2910 sch.Pers.
