1826 3204
749 190 830 216 LIB.
852 189 878 215 1.
899 190 1000 218 36-37
1577 167 1632 211 57

225 303 366 343 morbo
399 304 588 347 uirorum,
619 300 812 352 quidlibet
840 301 1037 350 impotens
1581 298 1633 338 10

283 388 445 429 sperare
474 376 713 425 fortunaque
743 373 849 413 dulci

336 449 455 489 ebria.
499 449 567 488 sed
597 449 739 488 minuit
766 447 943 487 furorem

226 524 293 562 uix
324 535 401 562 una
431 534 569 574 sospes
597 522 710 561 nauis
739 520 787 560 ab
817 519 988 571 ignibus,

226 599 479 646 mentemque
508 594 748 648 lymphatam
778 593 991 633 Mareotico

282 668 435 719 redegit
463 669 504 708 in
534 680 653 708 ueros
682 669 847 707 timores
1476 720 1479 723 Ι
1583 667 1635 707 15

335 742 490 787 Caesar,
522 742 571 781 ab
601 741 710 781 Italia
738 740 939 781 uolantem

225 816 347 855 remis
377 815 587 866 adurgens,
620 815 808 867 accipiter
837 812 949 853 uelut

226 888 355 928 mollis
385 888 599 934 columbas,
632 893 700 928 aut
727 888 907 940 leporem
937 887 1039 926 citus

273 966 449 1002 uenator
478 963 520 1001 in
551 963 700 1014 campis
729 961 872 1001 niualis

334 1036 585 1081 Haemoniae,
617 1035 730 1075 daret
760 1041 803 1074 ut
833 1035 1004 1087 catenis·
1582 1035 1636 1074 20

224 1108 342 1149 fatale
370 1113 606 1148 monstrum.
648 1120 749 1158 quae
778 1109 1011 1159 generosius

224 1183 358 1234 perire
389 1193 586 1232 quaerens
616 1194 700 1221 nec
719 1181 967 1220 muliebriter

283 1256 443 1307 expauit
473 1267 613 1295 ensem
642 1267 717 1294 nec
745 1254 903 1294 latentis

331 1327 495 1368 *classe
525 1329 600 1368 cita
628 1329 831 1380 reparauit
859 1340 969 1372 oras;

225 1413 319 1442 ausa
350 1406 389 1441 et
416 1403 611 1442 iacentem
641 1402 773 1442 uisere
803 1402 954 1453 regiam
1521 1404 1523 1406 ’
1582 1404 1636 1444 25

226 1475 338 1515 uoltu
367 1487 525 1522 sereno,
557 1476 671 1515 fortis
702 1479 741 1515 et
770 1487 932 1527 asperas

281 1553 452 1589 tractare
483 1554 703 1601 serpentes,
735 1553 780 1588 ut
809 1553 940 1588 atrum

333 1634 503 1674 corpore
533 1621 779 1662 combiberet
807 1634 1022 1667 uenenum,

226 1694 442 1736 deliberata
472 1700 602 1736 morte
631 1696 823 1736 ferocior:

113 1820 382 1848 TESTIMONIA.
1475 1848 1478 1852 ,

201 1865 246 1895 22
262 1873 315 1905 sq.
342 1863 447 1898 ‘Hor.
473 1865 512 1897 in
535 1865 553 1897 I
579 1875 710 1898 earm:
735 1874 806 1898 nec
829 1865 1062 1899 muliebriter
1076 1883 1121 1888 —
1138 1866 1264 1898 enses’
1287 1865 1404 1899 Prisc.
1430 1865 1556 1900 XVIII
1572 1867 1637 1899 128

111 1989 240 2018 vAmA
258 1974 423 2018 musmo.

226 2050 270 2084 10
288 2048 416 2086 morbo
436 2045 619 2099 uirorum]
641 2048 902 2086 Semiuirorum
922 2045 1045 2097 y(cod.
1063 2047 1323 2101 Peerlkampi)
1354 2050 1636 2100 opprobriorum

112 2104 238 2142 Bentl.
261 2105 328 2142 alii
346 2106 425 2142 alia
445 2116 533 2152 opp.
555 2106 663 2154 sclay
749 2106 920 2155 inpotens
939 2106 1057 2147 πψΑ2
1078 2105 1168 2142 Acr.
1191 2107 1323 2144 om.A1
1425 2110 1467 2143 12
1497 2109 1637 2146 minuet

113 2160 178 2198 Ac.
201 2172 289 2208 opp.
311 2162 418 2210 sclay
523 2161 639 2199 furem
660 2167 710 2209 ψι
799 2165 841 2198 13
865 2163 969 2199 nauis
990 2173 1061 2199 om.
1083 2173 1127 2198 m
1217 2166 1258 2198 14
1287 2163 1471 2212 lymfatam
1491 2165 1529 2200 B
1557 2165 1636 2202 lim-

111 2217 255 2266 phatam
276 2223 338 2264 ψιι
386 2218 584 2266 linphatam
603 2231 628 2268 γ
744 2221 786 2254 15
816 2216 873 2269 in]
903 2219 946 2255 ad
966 2219 1091 2255 Bentl.
1207 2231 1310 2256 seros
1330 2220 1552 2257 Bouhierus

114 2276 155 2308 17
184 2274 345 2311 Remissa
365 2279 519 2324 turgens
538 2276 576 2311 B
667 2275 875 2325 adurguens
893 2272 1053 2324 γπχ(μρ)
1092 2267 1095 2274 ’
1168 2276 1279 2313 uelud
1298 2288 1322 2326 γ
1437 2279 1480 2312 18
1508 2278 1636 2315 Molles

111 2329 222 2379 Fyzu
307 2333 352 2366 20
379 2331 576 2368 Hemoniae
595 2343 668 2382 γτιι
754 2335 795 2367 21
818 2337 995 2370 mostrum
1014 2343 1039 2381 y
1126 2343 1196 2381 que
1216 2344 1242 2369 u
1328 2336 1373 2368 22
1400 2345 1557 2382 querens
1578 2336 1636 2384 Αγ

111 2386 196 2430 λψιι
281 2389 327 2423 23
356 2387 511 2424 latentes
531 2390 592 2435 ψει
678 2392 722 2423 24
751 2389 936 2438 reparauit
963 2386 1006 2424 ,Ω
1025 2388 1170 2436 ΡονρΙι.
1190 2388 1330 2437 εσΙι.λφ
1349 2390 1429 2427 sch.
1450 2402 1475 2440 γ
1495 2395 1537 2427 ut
1556 2393 1634 2429 uid.

112 2439 287 2491 (interpr.
311 2444 406 2480 ‘non
426 2445 574 2492 colleyit
593 2446 717 2482 denuo
737 2447 950 2482 eoeercitum
979 2455 1031 2481 ex
1048 2446 1189 2482 intimis
1203 2446 1385 2494 partibus
1404 2448 1477 2483 sibi
1494 2447 1636 2495 fauen—

112 2499 240 2550 τῶνδ’)
276 2511 305 2536 r.
328 2500 395 2537 Ac.
433 2502 607 2549 repetiuit
626 2502 729 2539 Feae
751 2502 760 2520 ‘
773 2502 839 2539 Vr.
851 2502 1040 2538 .4.a2.m.'
1063 2503 1130 2538 alii
1147 2503 1225 2539 alia
1244 2504 1512 2540 coniecerunt:
1531 2517 1635 2554 repe-

113 2555 230 2597 dauit,
252 2556 455 2605 perarauit,
477 2557 692 2607 trepidauit,
720 2559 949 2608 penetrauit,
971 2560 1166 2600 remeauit,
1187 2560 1386 2601 reserauit,
1407 2562 1633 2610 properauit,

113 2613 334 2661 peragrauit,
356 2614 467 2650 citare
487 2615 642 2662 parauit,
662 2615 716 2652 ire
737 2616 890 2664 parauit,
913 2616 1051 2663 agitare
1070 2616 1226 2664 parauit,
1246 2627 1375 2666 rapere
1397 2618 1476 2658 iuit,
1499 2618 1635 2655 sollici-

114 2673 191 2705 tare
206 2669 360 2717 parauit,
383 2670 482 2706 clade
498 2671 630 2708 iterare
644 2683 687 2720 p:
793 2672 902 2708 horas
923 2683 949 2707 u
978 2672 1013 2708 h.
1035 2672 1101 2709 Ac.
1189 2675 1232 2708 25
1254 2674 1442 2710 iacemtem
1464 2673 1485 2709 λ
1514 2679 1634 2711 tacen-

115 2746 187 2777 tem
202 2752 229 2789 y
248 2741 375 2778 Bentl.
468 2745 513 2779 26
542 2744 650 2781 Voltu
670 2744 761 2794 wa
796 2732 905 2781 Vgltu
924 2745 958 2780 A
987 2745 1071 2782 Vult
1090 2746 1127 2782 B
1161 2746 1272 2783 Vultu
1292 2747 1374 2782 rell.
1463 2747 1578 2785 fortes
1597 2749 1634 2785 B

215 2816 260 2848 27
288 2818 406 2851 artum
426 2815 475 2852 ,41
590 2820 634 2853 28
662 2818 813 2856 Pectore
833 2830 860 2866 y
974 2816 1186 2856 conbiberet
1214 2818 1308 2868 λταχ
1356 2807 1578 2858 εὸωὺὶὴθτεῑ
1599 2821 1633 2869 (ν

114 2865 242 2920 erasa)
265 2869 298 2906 Α
341 2871 525 2908 cubiberet
544 2872 582 2908 B
