1846 3216
812 203 894 229 Lm.
916 202 977 229 111.
997 203 1032 230 21
1602 185 1683 229 139

277 313 372 365 quid
402 313 523 366 leges
539 316 624 355 sine
654 314 831 354 moribus
1631 315 1684 357 35

331 400 458 428 uanae
486 388 710 440 proficiunt,
737 388 775 427 <si
805 398 936 438 neque
965 386 1131 426 feruidis

275 472 368 512 pars
398 460 545 501 inclusa
577 460 774 501 caloribus

332 534 471 574 mundi
499 547 574 574 nec
603 534 756 574 Boreae
785 534 995 574 finitimum
1026 532 1129 573 latus

276 607 520 658 durataeque
551 607 636 647 solo
666 608 780 647 niues

332 685 594 721 mercatorem
625 681 799 732 abigunt,
830 680 990 720 horrida
1021 680 1148 719 callidi
1633 685 1685 724 40

275 755 442 794 uincunt
472 765 644 805 aequora
675 755 845 799 nauitae,

332 839 519 879 magnum
548 829 761 880 pauperies
791 826 1052 880 opprobrium
1082 827 1194 867 iubet

276 900 433 951 quiduis
463 906 503 941 et
530 901 663 941 facere
694 905 733 940 et
759 902 855 954 pati,

334 975 574 1026 uirtutisque
605 976 709 1014 uiam
740 974 889 1015 deserit
918 975 1089 1015 arduae?

276 1047 342 1087 uel
369 1060 444 1088 nos
471 1049 513 1088 in
543 1048 790 1101 Capitolium,
1634 1053 1686 1093 45

332 1132 411 1172 quo
442 1121 591 1162 clamor
620 1127 738 1162 uocat
766 1127 806 1161 et
835 1121 951 1161 turba
981 1123 1212 1167 fauentium,

270 1194 340 1234 uel
370 1207 443 1234 nos
472 1196 513 1234 in
542 1208 653 1235 mare
682 1196 909 1248 proximum

330 1279 505 1319 gemmas
536 1273 575 1308 et
602 1268 753 1321 lapides
782 1281 922 1308 aurum
956 1273 994 1308 et
1022 1269 1175 1314 inutile,

275 1343 419 1381 summi
447 1343 653 1382 materiem
683 1341 787 1388 mali,

330 1416 543 1461 mittamus,
575 1415 771 1456 scelerum
802 1417 835 1455 si
864 1415 965 1455 bene
995 1417 1183 1468 paenitet.
1632 1421 1686 1461 50

275 1488 471 1534 eradenda
502 1477 697 1541 cupidinis

328 1564 445 1615 praui
475 1568 568 1602 sunt
597 1563 803 1609 elementa,
836 1568 888 1603 et·
904 1568 1066 1604 tenerae
1095 1564 1212 1604 nimis

272 1640 426 1676 mentes
456 1636 725 1689 asperioribus

328 1710 558 1750 formandae
588 1710 740 1751 studiis.
784 1711 910 1750 nescit
941 1722 1043 1761 equo
1073 1710 1183 1750 rudis

272 1782 440 1823 haerere
468 1785 667 1835 ingenuus
694 1796 796 1836 puer
1631 1792 1684 1831 55

328 1858 547 1909 uenarique
579 1858 701 1904 timet,
732 1856 870 1897 ludere
901 1856 1066 1903 doctior,

160 2022 431 2050 TESTIMONIA.

224 2116 229 2123 .
248 2089 293 2121 42
317 2098 372 2130 sq.
405 2087 594 2132 ‘magnum
617 2089 814 2132 pauperies
839 2088 1073 2131 opprobrium
1096 2089 1200 2122 iubet
1224 2089 1371 2132 quiduis
1398 2088 1481 2132 (om.
1495 2091 1682 2133 Vincent.)

161 2136 198 2167 et
231 2133 314 2174 (om.
339 2133 504 2177 Hildeb.)
545 2134 671 2167 faeere
705 2136 743 2166 et
770 2135 870 2176 pati'
909 2134 1080 2167 Vincent.
1106 2134 1251 2167 Bellou.
1277 2135 1348 2168 VII
1372 2136 1416 2168 '70
1476 2136 1683 2170 Hildebert.

158 2179 290 2266 15:252..
311 2178 441 2267 {Piffisi
467 2190 501 2222 p.
527 2180 595 2213 990
694 2178 829 2212 50-54
854 2178 1055 2211 ‘scelerum
1072 2196 1113 2201 —
1132 2179 1281 2212 studiis'
1320 2180 1528 2215 Hildebert.
1554 2182 1682 2216 moral.

157 2395 286 2424 VARIA
304 2395 469 2424 an‘rlo.

269 2472 313 2506 36
331 2470 429 2508 Vane
446 2481 472 2519 y
556 2470 749 2519 profitiant
767 2470 806 2507 F
887 2472 930 2505 37
951 2455 1136 2508 coloribus
1154 2475 1190 2518 ψ
1237 2471 1422 2512 laboribus
1443 2474 1636 2510 caloribus
1656 2486 1681 2510 u

241 2527 285 2562 39
313 2527 445 2564 Durata
466 2538 560 2576 eque
580 2526 602 2563 λ
706 2523 805 2577 solo]
829 2526 914 2575 gelu
934 2526 1059 2563 Bentl.
1164 2530 1206 2563 41
1237 2533 1369 2566 nautae
1389 2540 1415 2565 u
1520 2532 1565 2564 42
1594 2542 1680 2579 pau·

155 2584 253 2632 peris
272 2594 297 2632 γ
382 2583 619 2632 obprobrium
640 2581 684 2620 Ω,
787 2579 906 2633 iubet]
929 2584 1005 2632 pati
1024 2595 1114 2630 αρν.
1219 2588 1265 2621 44
1292 2585 1489 2634 Virtusque
1508 2597 1594 2634 ypr.

155 2639 323 2676 deserere
342 2639 468 2677 Bentl.
582 2643 626 2675 47
657 2635 878 2689 proximum]
909 2639 1094 2688 publicum
1113 2651 1145 2677 ω
1259 2644 1304 2677 48
1333 2653 1459 2678 aurum
1481 2642 1610 2679 inutile
1637 2653 1679 2679 ul

239 2697 284 2731 49
312 2697 466 2734 materia
482 2695 595 2745 u2(p)
623 2697 837 2734 matheriam
856 2701 891 2742 ψ
919 2694 1072 2745 materie
1090 2697 1157 2735 Ac.
1245 2700 1291 2734 50
1319 2700 1460 2746 penitet
1479 2710 1510 2744 φ
1538 2699 1680 2747 penitet

157 2750 294 2800 Αγλπιι
323 2754 490 2801 poenitet
507 2758 566 2800 τψ
641 2755 687 2789 52
705 2754 820 2791 Praua
840 2752 1115 2802 Ρπεονν.χ(ρρ)
1144 2754 1283 2793 Prauae
1303 2751 1399 2803 u1(s)
1480 2751 1676 2804 elementa]

157 2806 315 2844 fomenta
334 2819 365 2844 π
440 2814 598 2847 temerae
617 2822 643 2859 γ
727 2812 773 2846 54
791 2809 990 2847 Formande
1005 2822 1034 2861 y
1119 2821 1238 2861 aequo
1259 2810 1330 2858 Αψ
1411 2812 1455 2846 55
1475 2810 1611 2848 Herere
1630 2822 1677 2847 tu

240 2886 284 2921 56
305 2867 416 2923 ditior
434 2897 464 2922 π
