1826 3184
238 170 289 211 12
791 182 949 210 nomm
971 182 1186 211 CAnmnvM

402 296 547 345 sperat,
579 293 739 333 nescius
770 305 890 333 aurae
934 304 935 307 ’

452 366 611 406 fallacis.
644 367 791 412 miseri,
825 365 967 417 quibus

303 479 305 481 ,
343 440 574 491 intemptata
605 440 717 479 nites.
750 451 814 479 me
843 438 975 478 tabula
1005 452 1117 480 sacer

346 513 479 552 uotiua
507 514 639 564 paries
668 512 816 552 indicat
845 512 965 552 uuida

401 585 654 638 suspendisse
683 587 837 638 potenti
1696 590 1748 630 15
1784 591 1789 594 “

452 660 685 699 uestimenta
716 659 836 699 maris
865 657 951 698 deo.

958 852 1021 891 VI

345 929 540 969 Scriberis
570 930 685 969 Vario
715 929 829 969 fortis
859 932 899 968 et
926 928 1100 969 hostium

347 988 475 1042 uictor
505 1003 672 1041 Maeonii
702 1002 887 1041 carminis
917 1001 1021 1047 alite,

348 1086 465 1125 quam
495 1086 581 1113 rem
612 1085 781 1124 cumque
811 1074 923 1114 ferox
954 1073 1123 1114 nauibus
1153 1077 1222 1113 aut
1251 1074 1363 1124 equis

435 1146 548 1186 miles
579 1151 617 1186 te
648 1146 748 1187 duce
778 1147 958 1198 gesserit.

344 1232 430 1266 neS,
462 1221 646 1272 Agrippa,
678 1231 811 1275 neque
841 1219 939 1260 haec
969 1220 1101 1260 dicere
1130 1232 1204 1260 nec
1233 1231 1398 1272 grauem
1724 1224 1750 1264 5

344 1292 502 1333 Pelidae
532 1293 778 1333 stomachum
809 1293 951 1333 cedere
981 1294 1119 1340 nescii,

317 1400 327 1413 Α.
344 1378 420 1406 nec
449 1379 591 1407 cursus
621 1366 791 1419 duplicis
820 1378 893 1419 per
922 1378 1032 1407 mare
1061 1352 1195 1407 Vlixei

234 1514 501 1543 TESTIMONIA.

323 1570 363 1601 11
389 1579 442 1611 sq.
469 1567 602 1601 ‘aurae
626 1566 795 1601 fallacis'
820 1567 943 1601 Acron
968 1567 1013 1600 ad
1039 1577 1069 1600 c.
1094 1567 1132 1600 II
1155 1568 1188 1609 8,
1215 1569 1259 1601 24

322 1614 340 1646 Ι
357 1616 388 1647 6.
437 1615 525 1646 1-4
549 1613 760 1646 Terentian.
786 1614 874 1646 2443
907 1613 1100 1646 Fortunat.
1126 1614 1215 1646 2703
1262 1611 1391 1645 ‘sexta
1414 1611 1480 1652 ode
1497 1636 1506 1646 .
1524 1637 1532 1645 .
1550 1636 1559 1646 .
1578 1613 1752 1646 scriberis

234 1677 275 1682 —
293 1659 467 1702 gesserit'
497 1658 676 1691 Victorin.
709 1658 754 1690 de
778 1660 881 1691 metr.
907 1658 994 1691 Hor.
1020 1659 1108 1691 2613
1235 1658 1264 1691 1.
1289 1659 1312 1690 4
1342 1656 1466 1690 ‘sexta
1499 1657 1584 1691 ode:
1614 1658 1751 1691 scribe-

231 1705 282 1736 ris
303 1721 339 1726 —
358 1704 537 1744 hostium;
579 1703 684 1735 miles
700 1720 744 1725 —
761 1703 935 1745 gesserit'
975 1702 1139 1735 Diomed.
1165 1703 1231 1736 520
1368 1703 1386 1734 1
1412 1711 1465 1744 sq.
1498 1700 1692 1736 ‘scriberis
1707 1719 1747 1726 -—

231 1749 367 1782 uictor'
401 1747 502 1781 Seru.
529 1747 576 1780 ad
601 1747 668 1780 ecl.
695 1749 728 1789 9,
753 1750 796 1781 35
902 1749 919 1779 1
954 1746 1055 1780 Seru.
1083 1747 1129 1780 ad
1152 1757 1275 1791 georg.
1301 1747 1359 1779 III
1383 1749 1404 1780 6
1496 1746 1558 1780 ‘In
1578 1747 1709 1781 Horat.
1733 1747 1752 1780 I

234 1794 451 1827 carminum:
477 1793 651 1825 scriberis
668 1810 710 1815 —
727 1792 849 1825 fortis'
885 1792 1030 1825 Probus
1052 1793 1139 1825 1415
1273 1791 1465 1825 ‘scriberis
1488 1792 1620 1826 Vario'
1646 1791 1749 1826 Seru.

233 1838 279 1871 ad
303 1839 391 1871 Aen.
418 1838 436 1870 I
460 1839 527 1870 440
595 1839 616 1871 6
642 1836 783 1870 Charis.
809 1838 874 1870 271
918 1836 1093 1870 Claudius
1118 1836 1298 1870 Sacerdos
1322 1837 1341 1869 Ι
1365 1838 1429 1869 114
1469 1836 1570 1870 Seru.
1597 1836 1644 1870 ad
1660 1836 1750 1870 Aen.

231 1883 303 1916 XII
326 1884 392 1917 527
468 1881 905 1925 ‘pelidae.stomaohum’
930 1881 1094 1915 Diomed.
1111 1883 1179 1915 450
1247 1883 1267 1915 7
1291 1881 1414 1915 Acron
1437 1881 1484 1915 ad
1508 1881 1610 1924 epod.
1636 1883 1690 1924 16,
1708 1883 1752 1916 60

235 1927 341 1962 ‘Hon
367 1928 406 1960 in
431 1928 633 1960 carminum
655 1927 791 1971 primo:
815 1937 885 1960 nec
902 1944 944 1950 -
961 1927 1102 1961 Vlixei’
1126 1926 1306 1960 Priscian.
1332 1927 1351 1959 I
1375 1927 1428 1960 53.
1453 1927 1505 1960 VI
1528 1928 1571 1960 92

232 2065 363 2094 VARIA
381 2064 545 2092 LEOTIO

345 2123 555 2158 11.12.13
567 2120 697 2169 Sperat
725 2121 870 2158 nescius
898 2131 1005 2157 aurae
1034 2119 1170 2157 fallacis
1197 2120 1202 2167 Ι
1227 2119 1349 2157 Miseri
1378 2087 1509 2168 quibus
1536 2120 1752 2170 intemptata

231 2179 483 2227 (interpretata
501 2175 533 2227 τ)
556 2178 661 2214 nites.
683 2189 740 2214 me
759 2176 882 2214 tabula
902 2188 1003 2213 sacer
1029 2176 1034 2222 Ι
1059 2177 1190 2213 Votiua
1209 2179 1278 2213 etc.
1306 2175 1440 2213 Franz
1553 2187 1594 2214 u.
1615 2177 1660 2212 13
1679 2187 1750 2214 om.

233 2235 315 2272 Mul
429 2236 475 2268 14
503 2234 612 2270 uuida
632 2233 783 2270 ΑλπῙτιι
794 2233 948 2280 V[codd.
962 2234 1092 2269 Bland.
1099 2234 1111 2278 ]
1136 2232 1204 2269 Ac.
1215 2232 1271 2269 bis
1290 2232 1390 2279 Pph.
1439 2232 1585 2269 humida
1607 2229 1681 2283 Fx(
1683 2229 1751 2283 υω)

230 2291 376 2338 Porpk.
398 2291 500 2337 quod
518 2300 570 2326 ex
589 2290 966 2337 interpretationibus
985 2294 1110 2326 ortum
1130 2299 1212 2325 esse
1233 2290 1308 2325 iam
1328 2288 1569 2325 Pulmannus
1587 2289 1684 2326 uidit

233 2350 275 2383 15
295 2358 350 2394 sq.
373 2347 613 2395 Suspendisse
633 2347 776 2394 potenti
796 2347 1012 2382 uestimenta
1038 2346 1043 2392 Ι
1070 2346 1175 2381 Maris
1196 2345 1263 2382 deo
1289 2345 1346 2381 Fv

345 2399 368 2440 I
388 2398 425 2440 6
484 2403 540 2439 AD
567 2402 787 2439 AGRIPPAM
806 2401 840 2438 A
897 2401 1140 2439 YPOTETICE
1170 2400 1454 2438 TETRACOLOS
1481 2401 1536 2437 AD
1563 2400 1750 2438 AGRIPPA

231 2458 474 2497 EXCVSATIO
504 2458 586 2495 CVR
614 2459 667 2495 DE
699 2458 835 2495 REBVS
868 2458 956 2495 NON
976 2457 1154 2495 SCRIBAT
1175 2458 1213 2493 F
1266 2457 1570 2494 HYPOTHETICE
1591 2456 1751 2494 TETRA-

233 2526 372 2564 COLOS
406 2527 461 2562 AD
488 2526 682 2562 AGRIPAM
715 2525 736 2561 λ
793 2525 1011 2571 ADLOQVIT
1051 2525 1284 2562 VISPANIVM
1322 2524 1543 2562 AGRIPPAM
1575 2535 1596 2560 τ
1654 2524 1750 2561 oden

232 2594 304 2620 om.
325 2583 363 2618 B
448 2584 465 2616 1
495 2583 610 2623 uario,
630 2583 699 2625 sed
716 2582 728 2618 i
747 2582 786 2618 in
807 2592 900 2626 ras.²
922 2581 956 2618 Α
1040 2585 1062 2617 2
1090 2583 1223 2619 meonii
1243 2579 1323 2617 Fit
1409 2581 1485 2617 aliti
1504 2580 1751 2633 Passeratius

233 2639 316 2676 alite
333 2649 409 2685 pro
430 2638 595 2675 ablatiuo
616 2637 1070 2685 accipiuntAcr.Peerllc.
1159 2640 1179 2674 3
1201 2649 1272 2686 qua
1291 2648 1367 2674 rem
1386 2647 1406 2674 e
1419 2637 1526 2674 codd.
1545 2632 1585 2686 (⁴2)
1606 2635 1753 2674 Mureti

234 2695 365 2732 Bentl.
388 2705 476 2741 opp.
499 2694 644 2740 Porph.
752 2696 774 2728 4
804 2696 962 2742 gesseris
981 2693 1133 2731 Peerlk.
1158 2694 1364 2740 Gruppeus
1454 2694 1477 2729 6
1503 2692 1625 2730 Pelide
1644 2703 1665 2728 τ

231 2751 405 2788 decedere
424 2751 542 2787 nescit
569 2750 728 2787 Seruius
747 2749 847 2786 Dan.
962 2753 982 2786 7
1012 2750 1165 2798 duplicis
1184 2744 1606 2799 mecgfflffiecqhns
1632 2747 1748 2797 dupp:

233 2804 273 2856 μ)
295 2807 438 2853 Por-pk.
461 2806 551 2843 Acr.
564 2806 590 2844 I
599 2810 643 2843 ut
654 2809 751 2853 puto
796 2807 957 2854 duplices
979 2806 1083 2854 Αιιιχ
1102 2807 1167 2843 Ac.
1187 2806 1287 2852 Ppk.
1309 2805 1438 2842 Acron
1457 2805 1511 2842 ad
1527 2814 1589 2852 ep.
1612 2806 1656 2840 16
1674 2804 1699 2842 i.
1720 2807 1746 2841 t.

234 2864 460 2900 Priscianus
485 2862 680 2910 [dupliceis
696 2874 789 2897 omn.
807 2865 907 2898 codd.
927 2864 1001 2908 Cr.]
1035 2862 1176 2900 reducis
1197 2862 1326 2900 Bentz.
