1826 3204
232 170 288 212 64
750 226 754 230 .
795 185 953 212 noRATI
974 185 1189 214 CARMINVM

401 295 532 340 ramis,
556 296 578 318 ’Β
601 306 678 346 quo
710 301 748 335 et
779 296 938 347 obliquo
967 296 1120 336 laborat

451 368 608 421 lympha
638 369 756 420 fugax
786 370 985 422 trepidare
1015 371 1120 408 riuo:

343 441 420 480 huc
449 443 540 481 uina
572 447 610 481 et
639 447 840 493 unguenta
870 447 909 481 et
938 443 1103 482 nimium
1134 442 1270 481 breuis

343 514 462 554 ssores
492 506 679 555 amoenae
710 516 816 554 ferre
845 515 937 554 iube
966 527 1094 560 rosae,

399 588 492 627 dum
522 600 587 627 res
619 592 658 627 et
686 593 793 628 aetas
824 593 863 627 et
892 600 1077 627 sororum
1645 609 1647 611 ·
1693 595 1745 636 15

450 660 513 699 fila
542 662 662 700 trium
692 662 895 712 patiuntur
926 666 1021 700 atra.

341 734 457 773 cedes
488 735 679 785 coemptis
709 734 873 774 saltibus
904 739 943 773 et
972 734 1088 773 domo

343 807 512 857 uillaque
542 807 666 846 ssauos
697 819 815 857 quam
844 807 998 847 Tiberis
1028 807 1134 852 lauit,

397 880 526 925 cedes,
560 885 598 919 et
629 882 818 920 extructis
846 882 887 920 in
917 880 1039 919 altum

449 953 597 993 diuitiis
626 955 800 1005 potietur
831 953 959 993 heres.
1688 959 1742 1000 20

338 1026 501 1065 diuesne
531 1027 662 1078 prisco
694 1030 809 1065 natus
839 1025 887 1065 ab
917 1025 1073 1071 Inacho,

337 1099 392 1139 nil
421 1101 598 1144 interest,
632 1111 680 1138 an
710 1111 862 1151 pauper
893 1103 932 1138 et
960 1099 1091 1138 infima

393 1172 442 1211 de
471 1177 588 1223 gente
618 1172 692 1212 suh
723 1172 815 1211 diuo
845 1173 1026 1218 moreris,

444 1246 604 1286 uictima
633 1246 688 1285 nil
717 1246 940 1285 miserantis
971 1245 1086 1285 Orci:

223 1383 490 1411 TESTIMONIA.

313 1444 355 1476 15
396 1442 495 1475 ‘dum
526 1454 583 1475 res
616 1445 652 1475 et
684 1445 789 1475 aetas
823 1445 859 1474 et
890 1453 1053 1475 sororum
1093 1437 1245 1485 νήματα
1280 1438 1480 1486 πορφύρεα
1515 1440 1736 1478 πλέκονται’

221 1488 406 1521 Ausonius
433 1490 541 1531 epist,
565 1488 636 1519 XII
659 1489 703 1520 44
727 1497 780 1528 sq.
903 1489 944 1520 18
970 1487 1075 1519 ‘Hom
1101 1488 1252 1520 carmin.
1276 1488 1341 1520 lib.
1365 1489 1402 1520 11
1494 1489 1677 1531 ‘uillaque
1693 1507 1739 1515 —

221 1534 330 1566 lauit'
363 1533 521 1575 Eutych.
547 1534 636 1565 2186
750 1534 882 1565 21—27
909 1532 1078 1565 ‘diuesne
1097 1550 1136 1556 —-
1156 1534 1318 1565 exitura’
1347 1533 1587 1567 Hildebertus
1610 1534 1737 1568 moral.

220 1578 353 1621 philos.
380 1589 414 1621 p.
433 1579 498 1611 988
590 1579 632 1610 22
658 1588 711 1619 sq.
738 1577 870 1610 ‘nichil
886 1595 928 1600 —-
946 1578 1012 1610 sub
1038 1577 1123 1610 diuo
1148 1579 1328 1611 morieris'
1353 1579 1572 1612 Vincentius
1595 1579 1736 1613 Bellou.

219 1624 290 1656 VII
314 1625 357 1656 70
432 1624 475 1656 23
500 1633 553 1664 sq.
587 1623 698 1656 ‘bene
723 1621 815 1654 dixit
839 1622 883 1654 de
907 1623 1046 1655 Iunone
1072 1622 1212 1664 diuam,
1238 1623 1441 1665 respiciens
1466 1623 1736 1667 etymologiam.

219 1679 304 1700 nam
328 1668 366 1700 in
389 1668 478 1703 Hor.
502 1668 675 1710 legimus:
717 1667 783 1700 sub
809 1667 894 1700 diuo
926 1667 1077 1700 moreris
1108 1668 1260 1700 uictima
1290 1668 1384 1701 nihil
1414 1669 1625 1702 miserantis
1651 1669 1739 1702 Orci
1788 1696 1790 1699 .

218 1715 244 1748 i.
270 1724 300 1746 e.
326 1714 392 1747 suh
419 1723 516 1755 aere,
542 1723 649 1755 quem
675 1715 822 1745 constat
847 1723 926 1746 esse
952 1713 1145 1745 Iunonem'
1172 1712 1275 1746 Seru.
1301 1712 1348 1746 ad
1371 1713 1462 1747 Aen.
1486 1714 1559 1747 XII
1582 1715 1647 1748 139

217 1840 345 1868 VARIA
363 1840 529 1867 LEGTIO.

331 1899 370 1931 11
405 1908 476 1945 quo
499 1900 535 1933 et
552 1894 677 1943 y(eod.
699 1894 862 1942 Bentlei)
901 1896 998 1944 quod
1019 1908 1039 1931 τ
1060 1896 1126 1932 Ac.
1167 1908 1239 1944 quo
1259 1895 1460 1945 yuzzqngoe
1479 1896 1579 1943 Pph.
1601 1901 1643 1934 ut
1658 1898 1734 1934 uid.

218 1950 343 2003 (‘qu0]
368 1953 446 1989 ubi'
468 1953 577 2000 sch.y
617 1953 688 1988 ‘acl
707 1962 816 1999 quem
837 1952 976 1988 locum'
998 1952 1104 1994 scm.
1144 1953 1203 1988 ‘in
1223 1953 1285 1989 illo
1306 1952 1403 1989 loco‘
1424 1952 1552 2000 schap)
1595 1953 1682 2001 quid
1700 1953 1735 1989 A

217 2009 503 2045 amssFasmG‘
518 2009 619 2053 V’[et
636 2011 650 2042 1
672 2011 717 2044 al.
733 2009 882 2052 mama]
901 2009 1045 2054 Porph.
1068 2008 1206 2056 schim
1222 2009 1322 2044 alal.
1345 2007 1520 2056 (interpr.
1544 2011 1614 2045 ‘sa
1635 2010 1671 2045 si
1687 2019 1734 2045 ea

215 2077 291 2102 non
312 2064 487 2111 utimur')
521 2076 667 2113 quoque
687 2063 785 2112 z(v)y
817 2065 901 2112 quia
922 2065 1028 2111 Apm.
1069 2076 1139 2112 qua
1160 2070 1196 2101 et
1219 2064 1503 2112 Cuninyhamus
1537 2076 1733 2114 ramosque

216 2128 252 2159 et
272 2123 396 2158 Bentl.
435 2122 617 2169 ramisque
639 2126 674 2157 et
695 2121 891 2166 Hauptius
935 2121 1054 2162 ramis,
1076 2126 1112 2157 et
1131 2121 1213 2157 Fea
1232 2125 1268 2157 et
1287 2120 1438 2157 Peerllc.
1477 2122 1675 2170 cannisque
1696 2127 1734 2158 et

217 2178 259 2215 G.
281 2178 532 2214 Her-marmus
559 2178 614 2225 cf.
636 2188 730 2214 mus.
752 2177 875 2214 Rhen.
897 2179 996 2218 1863,
1018 2178 1085 2212 276
1201 2179 1242 2211 12
1271 2176 1395 2225 Lymfa
1415 2175 1452 2212 B
1486 2177 1635 2226 Limpha
1653 2189 1731 2214 πτιι

214 2235 373 2283 Nympha
396 2234 438 2281 (N
453 2235 566 2270 minio
579 2230 698 2281 picta)
721 2239 754 2280 ψ
834 2233 937 2282 sugas
957 2245 976 2268 τ
1055 2235 1097 2268 13
1119 2233 1220 2269 Hune
1239 2239 1381 2281 πα.ν.ψ
1458 2239 1617 2282 ungenta
1637 2233 1730 2270 Bau

215 2291 412 2328 Aeneorr.
500 2291 622 2327 breuis
643 2291 676 2326 A
683 2288 901 2339 Βγτχᾲηοει)
922 2290 1010 2326 Aer.
1032 2294 1068 2325 et
1087 2290 1194 2338 sclay
1215 2289 1438 2337 (‘9enitiuus
1457 2294 1514 2326 est
1522 2294 1530 2304 ’
1552 2289 1730 2337 interpr.)

211 2347 344 2383 breues
364 2346 506 2390 Ελπας
590 2349 632 2381 14
653 2358 799 2383 amenae
820 2357 845 2382 u
875 2357 1043 2382 amaenae
1063 2358 1107 2394 γτ
1138 2357 1310 2383 amoenos
1331 2356 1375 2382 m
1396 2350 1438 2382 ut
1454 2346 1530 2382 uid.
1570 2357 1729 2383 amoenae

212 2414 259 2439 π2
365 2405 407 2439 16
437 2404 628 2451 paciuntur
649 2415 669 2439 τ
708 2404 893 2451 patientur
913 2401 994 2450 χ(θ)
1015 2413 1101 2448 opp.
1114 2404 1179 2439 Ac.
1266 2413 1329 2439 uu.
1353 2403 1496 2437 17—28
1516 2403 1586 2439 del.
1602 2401 1729 2449 Crup-

210 2486 308 2522 peus
393 2488 458 2512 uu.
477 2478 586 2511 17.18
601 2473 897 2525 om.y1n:1v12(91)
985 2477 1027 2510 17
1048 2475 1180 2511 Caedes
1201 2476 1238 2510 F
1322 2476 1364 2509 18
1384 2474 1498 2512 ssauos
1519 2475 1555 2510 B
1583 2463 1673 2511 ssahs
1693 2480 1734 2522 w

213 2532 329 2568 ssauus
355 2537 439 2568 cett.
555 2533 652 2569 lauat
674 2533 810 2578 ,4Bv2y
831 2533 907 2568 uid.
928 2531 1140 2568 Kirclmeri
1165 2543 1251 2568 nou.
1274 2535 1420 2578 quaest.
1443 2542 1488 2577 p.
1509 2532 1554 2566 56
1597 2530 1655 2567 lati
1680 2542 1728 2568 m

213 2587 237 2635 (⁶
248 2584 355 2638 lauit]
380 2590 533 2635 antique
550 2586 698 2634 posuic'
719 2587 868 2635 schim)
966 2589 1008 2622 19
1028 2588 1222 2623 exstructis
1244 2588 1309 2624 Ac.
1397 2589 1442 2622 20
1460 2587 1607 2623 Diuiciis
1628 2598 1648 2622 τ

211 2645 379 2692 pocietur
397 2656 417 2680 τ
522 2647 563 2678 21
585 2655 666 2691 sqq.
697 2645 849 2681 Diuesne
869 2645 990 2692 prisco
1013 2648 1049 2679 et
1069 2648 1174 2679 natus
1196 2643 1239 2680 ab
1260 2644 1403 2683 Inacho,
1424 2642 1475 2679 nil
1495 2644 1660 2684 interest,
1681 2654 1725 2680 an

211 2712 351 2749 pauper
371 2706 407 2736 et
427 2700 547 2736 infima
567 2700 610 2737 de
632 2706 758 2748 gente:
791 2700 858 2737 sub
879 2700 963 2736 diuo
993 2701 1145 2736 moraris
1174 2701 1320 2736 uictima
1347 2699 1397 2735 nil
1418 2699 1622 2735 miserantis
1643 2699 1725 2735 Orci

211 2756 363 2793 Peerlk.
407 2758 568 2803 itemque
595 2758 828 2793 distinoeerat
857 2756 1112 2802 Wakefieldus
1197 2759 1240 2790 22
1259 2755 1353 2791 Nihil
1372 2765 1423 2790 πτ
1457 2754 1572 2791 Nichil
1592 2754 1654 2791 Fu

211 2815 255 2848 23
285 2813 343 2849 dio
366 2812 508 2849 ΑιΒλω
528 2813 617 2849 Aer.
641 2812 887 2849 Hildebertus
925 2812 1010 2848 diuo
1039 2816 1124 2848 cett.
1146 2811 1196 2847 A2
1214 2811 1314 2858 Ppk.
1334 2810 1441 2859 solur
1561 2814 1605 2846 24
1633 2810 1725 2847 nihil

210 2874 354 2915 πα.ν.ψ
383 2869 493 2905 nichil
515 2881 545 2916 φ
632 2869 708 2905 orci
724 2881 751 2917 y
781 2870 855 2905 orei
875 2880 905 2904 π
1319 2894 1324 2900 .
