1884 3190
892 172 968 199 XIII

441 286 504 325 nis
525 290 684 324 textum
703 285 869 336 signare
898 284 1038 323 statui.
1088 284 1238 335 Itaque
1259 286 1347 322 Aer.
1370 289 1467 323 sunt
1494 284 1692 337 interpre-

438 354 616 393 tationes
637 352 764 392 schol.
787 353 831 401 A,
854 354 920 390 Ac.
943 357 1080 392 autem
1101 352 1293 391 lemmata
1313 352 1438 391 schol.
1459 354 1505 391 A.

437 443 598 484 Eadem
618 443 670 482 de
692 456 815 482 causa
836 441 948 495 apud
968 443 1303 496 Porphyrionem
1323 442 1692 495 interpretationes

440 521 481 552 et
500 513 693 552 lemmata
714 510 897 550 distinxi.

198 605 342 652 Porph.
362 603 799 656 :interpretationes
848 601 1000 642 codicis
1039 602 1301 642 Monacensis
1340 602 1431 641 Lat.
1474 606 1537 639 181
1588 617 1692 642 saec.

438 672 627 712 VIIII—
641 671 703 720 X,
751 672 846 720 Pph.
874 687 932 705 =
958 669 1142 710 eiusdem
1177 669 1272 709 libri
1309 670 1511 709 lemmata.
1570 672 1696 710 Hunc

440 740 605 779 maximi
639 739 834 779 momenti
865 738 1047 778 codicem
1083 739 1174 794 ipse
1207 738 1383 777 cont'uli:
1421 744 1469 778 ut
1496 739 1594 778 mihi
1622 753 1696 791 per

440 807 685 847 MAROVM
701 806 998 847 IOSEPHVM
1014 797 1344 855 MULLERVM‚
1358 807 1492 846 uirum
1509 807 1697 846 doctrina

443 890 490 916 ac
508 876 756 915 liberalitate
778 876 934 928 pariter
954 875 1244 924 excellentem,
1267 874 1520 923 traderetur,
1544 875 1696 914 factum

441 950 528 984 erat
547 943 754 983 PATRIS
776 943 973 983 carissimi
992 943 1238 997 professoris
1255 943 1536 995 Tubingensis
1558 956 1694 996 opera,

439 1013 510 1066 qui
532 1017 572 1051 et
591 1011 707 1051 libris
729 1011 998 1064 procurandis
1027 1017 1068 1051 et
1089 1011 1512 1051 commendationibus
1535 1010 1696 1051 labores

439 1083 600 1120 nostros
617 1080 837 1132 plurimum
856 1079 1028 1119 adiuuit.
1058 1080 1280 1119 Praeterea
1297 1079 1472 1119 contulit
1488 1080 1696 1119 Holderus

438 1150 584 1187 scholia
611 1150 782 1187 codicum
811 1148 890 1198 γλφ
928 1154 970 1188 et
996 1143 1270 1197 expositionem
1298 1151 1494 1186 metricam
1524 1150 1643 1187 schol.
1673 1162 1697 1199 y

441 1216 582 1269 (quam
603 1207 644 1256 et
664 1217 753 1269 ipse
775 1216 1046 1267 contuleram)
1070 1223 1111 1256 et
1128 1219 1320 1266 florileyia
1339 1217 1524 1255 parisina
1545 1219 1632 1255 duo.

283 1317 593 1372 Congessimus
641 1316 774 1357 etiam
819 1330 917 1358 cum
955 1315 1140 1358 aliorum
1185 1317 1567 1372 grammaticorum
1603 1324 1698 1360 tum

170 1390 312 1433 Seruii
342 1390 614 1444 testimonia,
653 1389 774 1431 cuius
807 1389 1012 1433 lectiones
1042 1389 1281 1434 leuioribus
1318 1390 1425 1434 locis
1457 1391 1698 1434 secundum

169 1463 457 1507 THILONIS
488 1463 742 1507 collationes
764 1464 1078 1507 humanissime
1107 1464 1215 1507 mihi
1244 1465 1584 1518 communicatas
1607 1465 1697 1507 lau-

172 1538 290 1581 dauL

281 1612 403 1655 Inter
432 1611 534 1667 hos,
574 1627 680 1670 quos
711 1613 973 1666 melum-aui,
1013 1620 1214 1656 auctores
1245 1629 1351 1671 prae
1381 1614 1536 1656 ceteris
1567 1614 1698 1656 fidem

168 1686 454 1729 tribuendam·
481 1701 576 1728 esse
607 1686 714 1728 duxi
754 1687 977 1730 codicibus
1008 1701 1118 1741 γπτ,
1156 1687 1468 1745 Porphyrioni,
1507 1688 1698 1730 Pseudo-

170 1760 318 1802 acroni
358 1763 414 1802 et'
432 1760 700 1817 expositioni
730 1760 795 1802 illi
834 1761 1062 1816 metricae3
1102 1761 1180 1803 sed
1209 1761 1291 1804 hac
1328 1761 1382 1804 de
1420 1777 1467 1804 re
1504 1762 1608 1804 uide
1639 1762 1698 1803 sis

170 1821 489 1891 praefationem
534 1833 739 1888 alteram,
790 1849 902 1891 quae
947 1835 1207 1877 Germanice
1253 1836 1416 1892 scripta
1460 1836 1506 1877 in
1549 1851 1699 1878 museo

171 1907 381 1950 Rhenano
427 1914 562 1951 extat.
623 1907 796 1950 Ibidem
842 1923 919 1950 cur
962 1923 1123 1964 paucas
1167 1908 1298 1951 modo
1345 1909 1617 1952 coniecturas
1655 1910 1701 1951 in

171 1988 365 2035 textum,
435 1981 645 2038 plurimas
701 1997 755 2024 ne
812 1982 858 2023 in
909 1989 1169 2039 apparatum
1222 1982 1399 2040 quidem
1447 1985 1699 2041 receperim,

173 2054 530 2112 interpolationes
569 2062 716 2099 autem
755 2055 898 2097 nullas
938 2057 1188 2111 statuerim,
1236 2056 1534 2100 demonstrare
1573 2073 1700 2100 cona-

170 2136 240 2172 tus
273 2144 384 2171 sum.

281 2203 353 2245 De
384 2203 696 2260 orthographia
725 2219 828 2246 uero
859 2203 1028 2261 aliquid
1057 2203 1218 2247 addere
1250 2212 1420 2247 tantum
1450 2221 1538 2248 non
1567 2206 1700 2263 piget.

170 2276 284 2319 Nam
313 2276 503 2333 primum
534 2277 711 2334 quidem
741 2278 1010 2335 antiquiores
1041 2278 1214 2322 codices
1237 2282 1351 2333 ΑΒτ,
1383 2295 1490 2336 quos
1521 2280 1567 2321 in
1598 2281 1700 2322 scri-

170 2350 326 2393 bendis
377 2350 528 2393 uerbis
574 2366 600 2393 a
652 2351 990 2395 scholiastarum
1034 2353 1278 2396 rationibus
1323 2353 1466 2395 minus
1512 2353 1702 2410 pendere

171 2438 485 2479 cognoueram,
524 2424 687 2483 ubique
722 2425 829 2468 mihi
866 2440 1181 2482 proposueram
1219 2427 1364 2484 sequi:
1405 2427 1482 2469 sed
1521 2442 1620 2470 cum
1656 2428 1701 2469 hi

170 2497 254 2554 ipsi
291 2512 438 2540 secum
474 2513 630 2556 parum
674 2506 946 2554 constarent,
990 2515 1045 2542 ne
1088 2500 1196 2541 mihi
1242 2501 1416 2557 quidem
1460 2501 1700 2558 perfectam

171 2571 490 2627 quodammodo
521 2574 810 2616 constantiam
830 2573 953 2616 licuit
983 2588 1172 2616 seruare.
1222 2574 1395 2617 Deinde
1426 2590 1499 2618 eas
1520 2576 1699 2630 formas,

170 2658 282 2701 quae
313 2646 513 2702 quamuis
555 2645 657 2689 olim
695 2653 811 2689 certe
841 2647 1012 2689 Latinis
1054 2648 1241 2691 usitatae
1273 2656 1321 2691 ut
1359 2649 1531 2706 penitus
1563 2650 1699 2692 extin-

170 2725 409 2774 guerentur
437 2718 643 2764 librarios
674 2735 850 2778 operam
881 2720 1055 2764 dedisse
1085 2721 1193 2776 uidi,
1224 2721 1386 2780 ubique
1407 2723 1699 2766 restituendas

173 2806 267 2834 esse
297 2792 464 2835 censui.
514 2793 715 2851 Denique
745 2794 954 2851 quicquid
975 2794 1239 2838 Ritschelius
1261 2796 1573 2839 Fleckeisenus
1596 2796 1700 2839 Rib-

171 2862 356 2907 beckius
388 2866 461 2908 alii
493 2868 741 2924 nuperrime
773 2868 817 2909 in
850 2867 1160 2926 orthographia
1195 2869 1496 2926 profecerunt,
1544 2872 1588 2912 in
1619 2871 1701 2913 hac
