1846 3216
865 182 954 208 1-2
1589 163 1671 206 189

257 295 533 348 *frondesque
562 293 731 348 lymphis
762 292 999 345 obstrepunt
1029 291 1294 338 manantibus,

312 380 478 411 *somnos
502 368 614 427 guod
644 368 787 418 inuitet
814 366 928 407 leuis.

259 449 299 484 at
329 457 420 484 cum
450 443 624 483 tonantis
654 448 781 482 annus
810 440 1004 480 hibernus
1033 439 1141 479 Iouis

314 517 464 558 imbres
494 517 688 567 niuesque
718 520 934 567 comparat,
1617 515 1670 556 30

260 596 328 631 aut
357 590 483 631 trudit
512 590 615 630 acris
644 589 736 629 hinc
767 592 807 628 et
834 587 928 628 hinc
957 586 1081 628 multa
1111 598 1209 626 cane

316 676 435 717 apros
464 664 506 702 in
535 662 728 703 obstantis
757 661 905 715 plagas,

260 742 328 778 aut
358 738 477 778 amite
505 736 586 776 leui
614 749 706 776 rara
735 735 861 776 tendit
889 736 1000 782 retia,

315 810 442 851 turdis
474 809 659 850 edacibus
689 809 813 856 dolos,
1182 856 1192 859 ,

258 884 527 938 pauidumque
557 883 735 936 leporem
767 887 806 923 et
836 882 1031 923 aduenam
1061 882 1203 934 laqueo
1234 894 1375 933 gruem
1618 886 1671 926 35

314 958 487 999 iucunda
516 962 647 1010 captat
674 957 864 1010 praemia.

260 1033 348 1083 quis
378 1044 458 1071 non
488 1031 693 1077 malarum,
726 1042 824 1082 quas
855 1042 1111 1083 amor-curas
1140 1029 1271 1075 habet,

316 1105 415 1145 haec
443 1106 548 1145 inter
578 1104 844 1145 obliuiscitur?
1184 1085 1187 1093 r

259 1179 401 1230 quodsi
429 1178 572 1231 pudica
602 1178 746 1218 mulier
775 1179 816 1218 in
845 1182 1001 1230 partem
1030 1178 1145 1217 iuuet

316 1253 478 1292 domum
509 1256 627 1303 atque
658 1251 784 1292 dulcis
814 1251 975 1297 liberos,
1074 1274 1078 1278 ·
1618 1256 1672 1295 40

259 1326 403 1366 Sabina
435 1325 561 1377 qualis
591 1330 659 1365 aut
687 1329 852 1378 perusta
882 1324 1034 1365 solibus

313 1400 488 1452 pernicis
516 1412 617 1439 uxor
646 1399 775 1452 Apuli,

217 1501 222 1504 -
259 1486 418 1514 sacrum
436 1474 617 1513 uetustis
648 1477 806 1513 extruat
834 1472 950 1525 lignis
980 1472 1113 1512 focum

314 1546 408 1587 lassi
439 1548 510 1587 sub
541 1547 757 1587 aduentum
787 1548 877 1593 uiri,

259 1620 527 1672 claudensque
558 1622 677 1661 textis
707 1620 882 1661 cratibus
913 1620 1061 1660 laetum
1090 1632 1215 1672 pecus
1620 1625 1673 1665 45

314 1694 484 1734 distenta
514 1695 636 1734 siccet
663 1694 802 1740 ubera,

261 1772 300 1808 et
328 1767 455 1808 horna
485 1767 591 1808 dulci
622 1769 712 1808 uina
740 1779 931 1820 promens
961 1767 1066 1807 dolio

147 1941 200 1968 TE
205 1939 418 1968 STIMONIA.

234 2006 278 2038 28
303 2005 350 2038 ef.
377 2003 472 2037 Stat.
499 2003 582 2037 silu.
609 2003 628 2036 I
651 2005 690 2046 3,
721 2004 744 2036 4
775 2003 973 2037 ‘teneros
1006 2003 1215 2038 inuitant
1254 2015 1439 2038 murmura
1479 2006 1672 2039 somnos'

212 2053 254 2084 31
280 2060 334 2093 sq.
361 2049 490 2083 ‘uenor
513 2048 640 2082 multis
666 2050 821 2084 canibus
847 2052 885 2082 et
908 2049 1024 2082 multo
1052 2060 1144 2082 cane
1164 2052 1230 2092 ‚ut
1254 2049 1362 2083 Hor.:
1394 2053 1460 2083 aut
1482 2051 1598 2084 trudit
1629 2070 1674 2075 —

141 2095 287 2139 plagas'
313 2094 417 2130 Seru.
444 2094 491 2128 ad
515 2093 607 2128 Aen.
631 2095 651 2127 1
675 2095 742 2128 378
841 2097 884 2128 33
909 2104 962 2137 sq.
982 2095 1031 2127 cf.
1047 2094 1213 2129 Martial.
1238 2095 1294 2128 III
1310 2096 1365 2138 58,
1391 2097 1452 2129 26:
1474 2095 1551 2129 ‘sed
1575 2099 1673 2130 ten-

143 2141 210 2173 dit
234 2140 384 2174 auidis
409 2142 507 2173 rete
532 2139 771 2174 subdolum
795 2139 959 2173 turdis'
1053 2142 1098 2174 34
1121 2141 1335 2175 Victorinus
1360 2142 1450 2174 2585
1478 2142 1672 2177 Fortunat.

143 2187 234 2220 2680
332 2187 376 2219 35
399 2186 595 2220 Fortunat.
620 2187 709 2219 2693

141 2357 271 2387 VARIA
288 2330 455 2386 ΙΙΕΟΤΙΟ.
1078 2354 1106 2377 0

255 2424 298 2456 27
319 2421 454 2458 Fontes
470 2419 828 2469 szl‘orpkschytqo
859 2419 1007 2457 frondes
1027 2419 1287 2458 Marklandus
1299 2422 1581 2469 prob.Peerllc.
1592 2424 1671 2460 uid.

143 2488 237 2515 mus.
260 2477 385 2515 Rhea.
408 2479 507 2519 1863,
528 2480 595 2514 284
643 2477 790 2526 limphis
811 2477 871 2514 Au
901 2477 1047 2525 lynphis
1066 2489 1090 2527 γ
1120 2477 1241 2526 lyphis
1262 2477 1300 2515 M
1347 2478 1530 2515 mantibus
1551 2480 1588 2515 B

142 2537 186 2570 28
207 2533 349 2571 Sonnos
369 2546 395 2571 u
452 2534 554 2571 leues
574 2534 730 2580 ΑΒΕλα
844 2535 889 2568 29
918 2535 990 2570 Aut
1010 2534 1097 2582 Βιιχ
1153 2535 1293 2571 hiberni
1316 2534 1354 2571 B
1411 2537 1450 2571 31
1474 2536 1560 2572 hinc
1579 2537 1673 2572 acris

142 2590 305 2628 Seruius
325 2590 428 2628 Dan.
521 2602 622 2628 acres
642 2591 704 2628 Fu
730 2591 829 2639 agris
851 2589 871 2625 λ
958 2590 1073 2635 111111ῑο
1095 2590 1257 2628 Seruius
1277 2591 1377 2628 Dan.
1401 2602 1670 2629 nuanscorr.

262 2649 307 2684 32
329 2647 516 2685 obstantes
536 2648 596 2684 Fu
739 2649 782 2683 33
804 2647 910 2700 amite
927 2657 958 2682 π
1096 2659 1176 2685 rara
1195 2649 1351 2686 tetendit
1371 2648 1408 2684 F
1547 2650 1589 2684 35
1608 2660 1671 2697 pa-

143 2702 315 2741 uidumue
336 2704 461 2741 Bentl.
520 2700 808 2754 laqueo]llllll‹p
885 2704 929 2739 36
942 2703 1100 2741 Iucunda
1119 2716 1146 2741 u
1203 2706 1341 2754 premia
1360 2703 1434 2754 γλιι
1493 2715 1556 2740 uu.
1571 2706 1667 2740 37—

143 2761 188 2795 70
207 2770 279 2796 om.
302 2760 338 2796 B
395 2771 459 2798 uu.
482 2762 538 2798 37.
560 2762 604 2795 38
625 2762 697 2797 del.
720 2759 871 2797 Peerzk.
974 2761 1015 2796 37
1038 2761 1216 2799 malorum
1237 2759 1417 2810 χ(βρν.)ω
1518 2762 1562 2796 39
1583 2761 1671 2809 quid

144 2816 174 2852 si
196 2827 228 2852 ω
249 2815 447 2864 Hauptius
516 2818 659 2866 inparte
682 2815 715 2853 A
734 2815 802 2854 Ac.
877 2815 1001 2853 dulces
1019 2828 1071 2866 γα
1171 2822 1215 2853 42
1236 2818 1385 2855 Sacrum
1407 2821 1443 2854 et
1464 2818 1624 2854 uetustis
1643 2829 1670 2864 y

149 2872 239 2918 [cod.
264 2873 410 2918 Siluius]
433 2883 650 2923 sacrumque
670 2874 829 2912 uetustis
851 2873 1058 2911 Lambinus
1169 2878 1215 2910 47
1237 2886 1326 2912 orna
1345 2873 1479 2911 kau
