1826 3204
201 141 257 184 50
765 155 922 183 HORATI
944 155 1158 184 cARvaM

313 264 479 306 lusimus
510 271 653 313 tecum,
686 266 791 317 quod
822 271 861 306 et
889 267 995 306 hunc
1017 268 1064 306 'in
1095 279 1241 306 annum

314 340 425 379 uiuat
455 344 493 378 et
521 339 660 391 pluris,
692 351 763 391 age
794 339 855 379 dic
886 340 1080 385 Latinum,

402 412 568 459 barbite,
601 425 773 458 carmen,

312 485 455 525 Lesbio
485 487 660 538 primum
690 485 889 525 modulate
919 486 1009 531 ciui,
1692 492 1717 531 5

314 561 394 610 qui,
426 560 539 598 ferox
569 559 686 604 bello,
721 563 851 598 tamen
881 560 986 597 inter
1015 570 1136 604 arma,

314 634 399 671 siue
428 633 609 671 iactatam
641 631 828 682 religarat
857 631 935 671 udo

406 705 525 744 litore
554 705 700 750 nanim,

312 778 499 818 Liberum
530 782 569 817 et
596 778 728 817 Musas
758 778 1033 828 Veneremque
1063 782 1102 816 et
1129 777 1186 816 illi

312 864 470 903 semper
500 850 730 890 haerentem
759 863 931 902 puerum
961 850 1137 896 canebat,
1261 838 1264 841 ‚
1665 857 1717 896 10

313 929 352 964 et
380 924 528 977 Lycum
557 925 681 975 nigris
711 924 834 963 oculis
864 925 1058 975 nigroque

401 999 511 1037 crine
541 997 743 1038 decorum.

312 1084 334 1110 o
365 1070 486 1110 decus
514 1070 664 1110 Phoebi
694 1075 733 1109 et
762 1069 927 1122 dapibus
956 1071 1133 1122 supremi

312 1149 431 1195 grata.
455 1144 610 1184 testudo
640 1144 758 1189 Iouis,
792 1156 814 1182 o
845 1143 1026 1183 laborum

311 1217 426 1256 dulce
456 1217 641 1263 lenimen,
674 1216 770 1256 mihi
800 1228 969 1267 cumque
1000 1217 1108 1256 salue
1664 1224 1714 1262 15

399 1291 474 1330 rite
506 1292 675 1330 uocanti.

856 1484 1055 1522 XXXIII

309 1561 408 1606 Albi,
441 1573 491 1600 ne
522 1560 654 1600 doleas
683 1561 773 1612 plus
802 1562 923 1600 nimio
953 1573 1106 1600 memor

308 1635 470 1673 immitis
501 1634 701 1686 Glycerae,
734 1647 812 1674 neu
842 1634 1077 1674 miserabilis

197 1774 249 1800 TE
254 1772 464 1800 STIMONIA.

285 1827 304 1858 I
319 1829 374 1860 33.
423 1827 440 1858 1
466 1835 604 1868 praem.
652 1824 856 1858 ‘tricesima
879 1825 997 1868 prima
1021 1824 1106 1858 ode'
1137 1825 1305 1858 Diomed.
1330 1827 1396 1859 523
1486 1827 1576 1858 2—-4
1600 1825 1714 1859 ‘idem

195 1873 234 1904 in
260 1871 385 1904 eodem
411 1870 448 1912 (i.
470 1881 501 1902 e.
525 1871 615 1903 Hor.
640 1871 679 1902 in
702 1870 720 1902 I
745 1869 892 1911 carm.):
917 1880 990 1902 neu
1008 1889 1049 1894 —
1065 1870 1152 1902 fide’
1177 1870 1294 1902 Prisc.
1319 1870 1425 1904 XVII
1447 1871 1491 1903 49
1517 1871 1566 1906 cf.
1589 1871 1715 1905 XVIII

197 1918 262 1949 130
354 1918 374 1948 2
399 1926 454 1957 sq.
486 1915 596 1948 ‘Hor.
617 1940 624 1947 .
643 1940 651 1948 .
672 1940 679 1947 .
699 1914 746 1947 ad
775 1915 924 1947 Albium
953 1916 1139 1948 Tibullum
1170 1915 1370 1958 elegiarum
1403 1917 1590 1949 auctorem
1621 1917 1711 1948 scri-

193 1963 285 1994 bens
316 1961 362 1994 ab
389 1971 451 2003 ea,
488 1970 599 2002 quam
633 1960 790 1992 diximus
825 1961 1063 1994 miseratione
1099 1961 1222 2003 elegos
1257 1960 1488 1994 miserabiles
1523 1960 1614 1994 dicit
1642 1961 1713 1994 hoc

194 2006 318 2039 modot
342 2016 415 2038 neu
430 2023 475 2028 —
493 2006 634 2048 elegos'
658 2004 825 2038 Diomed.
848 2006 915 2038 485

193 2133 321 2160 VARIA
339 2131 504 2159 anmo.

307 2193 329 2225 2
348 2185 404 2239 in]
427 2200 492 2238 per
511 2185 591 2238 χ(θ)
614 2200 701 2235 opp.
724 2189 819 2235 Pph.
907 2190 928 2224 3
949 2188 1063 2237 pluris
1083 2188 1180 2235 Pph.
1211 2188 1335 2236 plures
1356 2186 1399 2223 ,Ω
1474 2199 1542 2237 age
1562 2199 1632 2225 om.
1649 2188 1712 2230 A1,
1736 2184 1739 2185 ⁷

195 2247 281 2283 add.
304 2246 372 2282 alt.
393 2257 442 2282 m.
529 2248 550 2279 7
570 2245 743 2293 religaret
763 2251 859 2293 mppr.
936 2247 959 2280 8
978 2246 1099 2281 nauim
1118 2241 1371 2294 Βτλεονν.(αη
1392 2241 1708 2295 λρν.Ρ)χ(θ11ιηρε)

194 2314 324 2338 nauem
344 2306 429 2339 cett.
535 2303 557 2336 9
585 2301 732 2338 Librum
753 2307 803 2350 ψι
909 2303 952 2336 10
981 2302 1167 2338 herentem
1187 2301 1325 2350 Fymu
1411 2302 1451 2335 11
1484 2301 1593 2337 licum
1613 2301 1709 2348 Apr.

194 2358 294 2395 BFu
381 2357 518 2395 occulis
539 2363 574 2405 ψ
662 2360 703 2392 12
723 2357 831 2406 phebi
853 2357 965 2394 Amu
1050 2358 1234 2406 suppremi
1253 2369 1278 2406 γ
1365 2359 1407 2392 15
1427 2357 1595 2394 lenimem
1614 2369 1640 2394 u

194 2415 282 2450 mihi
305 2410 425 2463 (michi
447 2409 489 2461 φ)
513 2424 668 2461 cumque
689 2411 832 2450 szAcr.
842 2418 880 2450 et
890 2414 996 2462 sehr
1005 2414 1147 2461 Porph.
1161 2413 1299 2461 sold-q>
1327 2414 1415 2450 mihi
1437 2415 1567 2462 cuique
1582 2414 1724 2463 Bentl.⁴

194 2470 445 2518 medicumque
473 2466 744 2506 Lachmannus
793 2470 880 2506 mihi
900 2475 1013 2519 tuque
1041 2470 1193 2507 Peerlk.
1234 2471 1303 2507 sed
1323 2470 1511 2507 Horatius
1537 2474 1709 2507 ueterum

188 2531 394 2573 poetarum
413 2536 524 2562 usum
544 2527 699 2563 uidetur
716 2531 871 2563 secutus
890 2536 972 2563 esse
992 2525 1044 2574 cf.
1067 2527 1218 2563 Lucret.
1240 2527 1269 2563 II
1290 2529 1366 2563 114.
1387 2527 1416 2562 V
1435 2528 1502 2561 312

306 2600 330 2642 I
358 2600 424 2642 33.
483 2605 539 2641 AD
579 2605 796 2641 TIBVLLVM
835 2606 868 2641 A
932 2605 1202 2642 PARANETICE
1243 2604 1526 2642 TETRACOLOS
1567 2601 1649 2652 (om.
1669 2604 1708 2653 γ)

192 2661 248 2698 AD
275 2661 436 2697 ALBIVM
463 2661 680 2697 TIBVLLVM
707 2660 893 2708 (BVLLVM
913 2659 980 2710 Fa)
1018 2661 1302 2698 CONSOLATVR
1334 2660 1566 2697 DOLENTEM
1593 2661 1708 2706 QVOD

192 2717 481 2754 NEGLEGATVR
507 2713 797 2766 (NEGLIGATVR
817 2714 850 2766 λ)
879 2719 909 2754 Α
937 2718 1104 2754 SCORTO
1124 2716 1208 2766 Fyi.
1263 2717 1318 2753 AD
1344 2717 1534 2753 ALBINVM
1560 2728 1581 2752 τ
1619 2728 1708 2754 car-

192 2783 277 2810 men
298 2784 368 2810 om.
391 2773 429 2808 B
516 2776 532 2808 1
557 2772 685 2809 Albine
706 2773 828 2810 doleas
850 2773 973 2822 Fyhu
1059 2777 1080 2808 2
1109 2773 1247 2809 Inmitis
1266 2784 1312 2822 γτ
1398 2773 1542 2822 glycera
1562 2784 1610 2822 γτ
1639 2772 1708 2822 gli-

193 2841 295 2866 cerae
315 2836 398 2877 τψα
430 2829 564 2878 glicere
586 2830 634 2865 A1
720 2830 934 2866 miserabilis
955 2842 984 2866 π
1002 2829 1100 2876 Pph.
1133 2829 1357 2873 miserabiles
1379 2827 1422 2866 Ω,
1442 2830 1508 2866 Ac.
