1846 3216
765 175 845 201 Lm.
867 174 946 201 1111.
967 175 1035 203 7—8
1574 155 1652 198 171

249 300 330 328 non
358 288 481 330 incisa
510 288 614 327 notis
643 298 840 326 marmora
869 285 1052 337 publicis,

249 373 322 414 per
353 372 454 412 quae
484 361 648 413 spiritus
679 364 718 399 et
748 360 828 398 uita
857 358 962 398 redit
990 358 1104 398 bonis

248 439 340 487 post
369 438 538 475 mortem
568 433 747 478 ducibus,
778 444 859 471 non
890 430 1041 471 celeres
1071 432 1186 482 fugae
1606 435 1656 474 15

247 509 498 558 reiectaeque
526 511 749 546 retrorsum
778 504 1006 545 Hannibalis
1035 505 1177 549 minae,

247 593 328 621 non
357 579 537 620 incendia
568 578 814 631 Carthaginis
843 579 988 630 impiae

250 655 346 700 eius,
379 655 446 705 qui
475 654 622 693 domita
651 665 796 693 nomen
826 652 875 691 ab
904 651 1032 692 Africa

247 727 422 768 lucratus
452 726 582 773 rediit,
615 726 759 766 clarius
788 725 962 765 indicant

247 800 395 846 laudes,
428 812 545 852 quam
576 799 763 840 Calabrae
793 799 991 840 Pierides:
1023 809 1166 849 neque,
1606 801 1658 840 20

248 874 281 914 si
311 873 469 914 chartae
500 873 641 914 sileant
672 873 777 924 quod
808 872 910 912 bene
939 873 1097 917 feceris,

247 947 474 987 mercedem
503 947 652 987 tuleris.
685 946 779 998 quid
810 947 915 986 foret
943 945 1036 985 Iliae

247 1021 517 1072 Mauortisque
546 1032 658 1073 puer,
692 1021 725 1060 si
755 1020 1003 1060 taciturnitas

249 1094 426 1135 obstaret
454 1095 607 1134 meritis
637 1093 772 1133 inuida
802 1092 985 1133 Romuli?

248 1172 430 1221 ereptum
460 1167 604 1220 Stygiis
633 1166 820 1207 fluctibus
847 1168 1019 1207 Aeacum
1605 1167 1657 1208 25

247 1243 377 1282 uirtus
408 1245 447 1281 et
475 1241 589 1280 fauor
620 1244 659 1279 et
688 1239 822 1291 lingua
850 1241 1087 1293 potentium.

246 1319 383 1355 uatum
413 1313 602 1354 diuitibus
633 1318 842 1353 consecrat
869 1313 1022 1353 insulis.

247 1389 410 1445 dignum
440 1387 556 1428 laude
585 1388 715 1427 uirum
746 1387 858 1427 Musa
887 1391 996 1427 uetat
1025 1387 1140 1425 mori.

247 1462 355 1502 caelo
384 1462 496 1504 Musa
524 1460 627 1501 beat.
661 1462 717 1501 sic
746 1461 852 1501 Iouis
881 1462 1048 1500 interest

248 1537 390 1589 optatis
422 1534 548 1588 epulis
577 1536 747 1587 impiger
776 1533 982 1579 Hercules,
1606 1535 1658 1576 30

247 1608 398 1649 clarum
427 1608 675 1663 Tyndaridae
704 1608 814 1647 sidus
843 1607 892 1648 ab
922 1607 1068 1647 infimis

248 1693 413 1734 quassas
444 1683 619 1735 eripiunt
648 1680 889 1733 aequoribus
919 1685 1038 1726 rates,

135 1888 406 1917 TBSTIMONIA.

224 1955 267 1988 28
290 1952 496 1987 findebat,
521 1951 648 1986 moral.
675 1951 806 1994 philos.
832 1962 867 1994 p.
893 1952 958 1984 992

132 2137 261 2166 VARIA
279 2135 443 2164 an'rlo.

247 2213 290 2248 13
307 2210 454 2249 Publica
475 2208 571 2257 Pph.
582 2221 670 2257 opp.
680 2210 786 2258 schy
896 2221 960 2246 uu.
982 2210 1126 2244 14--17
1147 2209 1219 2245 del.
1241 2208 1393 2246 Peerlk.
1511 2211 1555 2245 14
1573 2210 1658 2246 Per-

134 2279 205 2318 que
224 2268 258 2305 A
325 2279 390 2305 uu.
413 2269 667 2304 15ἰιοη-19
687 2266 794 2303 rediit
820 2266 891 2302 del.
924 2266 1195 2302 Lachmannus
1223 2265 1438 2302 Meinelcius
1464 2265 1659 2313 Hauptius

130 2324 284 2362 Peerlk.
307 2323 499 2362 Linlcerus
614 2325 656 2359 15
678 2323 806 2360 celeris
827 2322 912 2371 fuga
931 2322 1027 2359 ΑΒ).
1141 2324 1185 2357 16
1214 2322 1389 2359 annabilis
1410 2334 1431 2358 τ
1553 2335 1591 2359 u.
1617 2326 1656 2358 17

117 2383 202 2419 ffel.
225 2382 350 2418 Benil.
371 2380 632 2418 Buttmannus
653 2376 872 2430 [mytholog.
891 2379 920 2416 11
933 2390 975 2426 p.
997 2374 1084 2429 367]
1142 2380 1179 2415 in
1200 2379 1387 2428 dispendia
1405 2379 1446 2416 G.
1464 2379 1658 2416 Herman-

132 2449 205 2476 nus
333 2437 515 2487 impendia
537 2436 824 2485 Guninylzamus
853 2435 1032 2484 stipendia
1051 2435 1262 2483 Diirinyius
1375 2436 1575 2485 kartaginis
1598 2437 1658 2485 By

133 2495 329 2544 cartaginis
348 2505 399 2530 πτ
532 2495 631 2547 ἰηρίς
650 2493 670 2529 λ
801 2494 843 2527 19
873 2492 990 2529 clarus
1005 2491 1054 2529 ,41
1187 2494 1228 2527 21
1251 2492 1312 2530 Sic
1332 2498 1410 2529 arte
1431 2505 1452 2528 τ
1482 2493 1543 2530 Sic
1556 2492 1659 2544 fgarte

135 2552 169 2588 Β
255 2552 378 2589 charte
394 2562 419 2600 y
450 2551 570 2605 carthg
589 2550 623 2586 Α
654 2554 773 2587 cartae
793 2549 885 2586 Fau
989 2548 1084 2585 hune
1104 2547 1126 2584 λ
1223 2552 1268 2584 22
1296 2549 1459 2587 Mercede
1477 2561 1498 2585 τ
1613 2535 1658 2584 24

133 2609 281 2678 Opstar&
298 2640 329 2666 π
461 2632 504 2665 25
535 2629 654 2678 stigiis
674 2627 814 2665 Amru
928 2638 1051 2664 eaeum
1072 2639 1271 2675 παφααν.
1303 2640 1459 2678 aequum
1481 2629 1655 2664 quar.

132 2685 269 2732 schim
395 2687 440 2722 26
469 2697 586 2735 pauor
602 2697 623 2722 τ
741 2697 778 2722 u.
800 2686 844 2720 28
864 2684 936 2720 del.
959 2684 1232 2722 Lachmannus
1251 2685 1449 2732 Hauplius
1470 2685 1537 2721 alii

133 2743 177 2777 29
195 2741 280 2780 Celo
299 2753 348 2779 vu
454 2741 583 2779 beatus
601 2754 622 2778 τ
737 2744 780 2778 30
800 2741 945 2789 inpiger
960 2740 1017 2777 F).
1043 2742 1196 2790 inpigaer
1210 2753 1234 2790 y
1349 2744 1388 2777 31
1412 2741 1598 2790 tyndaride
1619 2740 1655 2778 λι

136 2813 310 2868 tindaride
328 2814 365 2851 F
388 2815 564 2852 tindaride
583 2826 632 2852 τα
748 2814 858 2863 sydus
877 2819 912 2861 ψ
1026 2817 1071 2851 32
1089 2801 1262 2866 eripiiint,
1284 2826 1304 2851 a
1325 2815 1371 2851 ab
1393 2815 1456 2850 alt.
1479 2826 1529 2850 m,
1551 2814 1585 2850 A

134 2869 334 2921 equoribus
351 2881 379 2907 u
