1826 3204
223 161 280 203 32
787 173 946 201 nomn
967 173 1180 201 GARvaM

396 283 571 324 defendit
600 287 786 323 aestatem
817 279 976 336 capellis

446 368 574 408 usque
603 358 701 397 meis
731 357 970 409 pluuiosque
999 361 1153 396 uentos.

337 432 500 482 impune
529 434 658 470 tutum
687 443 760 482 per
790 441 931 469 nemus
961 429 1123 468 arbutos
1717 432 1743 473 5

339 508 535 555 quaerunt
564 503 722 543 latentis
754 507 792 542 et
822 503 955 556 thyma
985 502 1123 541 deuiae

395 577 537 616 olentis
566 589 712 616 uxores
741 577 885 621 mariti,

446 662 521 689 nec
551 649 690 689 uiridis
720 652 903 688 metuunt
932 647 1115 687 colubras

338 735 413 763 nec
442 723 628 762 Martialis
657 722 856 762 Haediliae
885 721 1013 774 lupos,

341 801 555 846 utcumque
586 795 704 841 dulci,
736 795 919 848 Tyndari,
951 794 1079 834 fistula
1693 797 1746 838 10

396 869 521 909 ualles
552 873 591 908 et
622 869 774 908 Vsticae
805 861 986 907 euhantis

446 942 550 981 leuia
580 930 825 993 personuere
856 953 960 980 saxa.

340 1015 379 1054 di
408 1027 472 1054 me
505 1018 679 1059 tuentur,
712 1014 771 1053 dis
801 1015 926 1065 pietas
956 1024 1045 1051 mea

341 1093 380 1127 et
408 1100 520 1127 musa
550 1086 661 1126 cordi
691 1091 761 1125 est.
803 1085 896 1125 hinc
924 1084 996 1124 tihi
1026 1086 1138 1137 copia

396 1160 571 1200 manabit
601 1159 648 1199 ad
677 1159 839 1211 plenum
869 1158 1041 1209 benigno
1695 1164 1746 1205 15

447 1234 554 1273 ruris
583 1232 782 1272 honorum
812 1232 998 1284 opulenta
1028 1243 1164 1271 cornu.

340 1307 404 1346 hic
432 1308 473 1345 in
503 1306 667 1346 reducta
697 1305 799 1345 ualle
831 1304 1031 1345 caniculae

340 1379 483 1419 uitabis
513 1384 645 1419 aestus
677 1383 716 1418 et
744 1378 820 1418 fide
851 1379 947 1418 Teia

397 1453 505 1492 dices
534 1452 751 1492 laborantis
781 1453 822 1491 in
852 1464 933 1491 uno

449 1525 676 1578 Penelopen
707 1526 955 1576 uin-eamque
986 1525 1139 1565 Circen.
1691 1529 1748 1571 20

230 1675 496 1703 TESTIMONIA.

320 1732 342 1762 4
364 1728 531 1762 Diomed.
559 1729 625 1761 510
717 1729 736 1760 7
763 1727 818 1760 ‘et
842 1727 976 1760 olentis
1001 1738 1132 1760 uxores
1156 1728 1296 1760 mariti'
1321 1726 1422 1760 Seru.
1449 1728 1496 1760 ad
1519 1729 1590 1762 ecl.
1615 1730 1648 1771 7,
1673 1730 1693 1762 '7

230 1777 271 1807 11
313 1774 428 1807 ‘hanc
458 1773 597 1807 uallem
627 1774 666 1805 in
699 1783 774 1805 ear.
800 1773 893 1805 libro
918 1773 935 1805 I
965 1773 1132 1806 Vrtieam
1163 1772 1350 1815 appellat’
1392 1773 1506 1806 schol.
1531 1785 1554 1816 γ
1578 1776 1616 1806 in
1641 1774 1749 1816 epist.

228 1821 247 1852 1
273 1821 326 1862 16,
352 1821 373 1852 6
467 1821 509 1852 13
534 1829 587 1861 sq.
627 1818 702 1850 ‘dis
726 1819 847 1860 pietas
865 1836 906 1840 -
925 1819 999 1850 est'
1023 1818 1145 1851 Acron
1169 1817 1216 1850 ad
1240 1828 1345 1851 serm.
1370 1818 1407 1850 H
1431 1819 1464 1861 6,
1489 1820 1533 1852 32
1626 1820 1668 1852 18
1693 1829 1748 1861 sq.

230 1864 287 1897 ‘et
310 1865 380 1898 fide
398 1883 439 1887 —
456 1865 496 1896 in
519 1865 646 1897 unum'
672 1863 787 1896 schol.
812 1863 913 1896 Pers.
939 1865 972 1904 6,
997 1864 1019 1895 4
1619 1873 1621 1875 ·

228 2003 357 2031 VARIA
376 2001 543 2029 LEOTIO.

342 2061 363 2095 3
392 2059 581 2095 Descendit
601 2058 650 2093 Ai
674 2055 728 2108 (ut
748 2055 913 2104 uidetur)
1001 2061 1153 2094 estatem
1172 2069 1199 2093 u
1254 2061 1259 2065 “
1291 2057 1431 2106 capillis
1453 2057 1486 2094 B
1570 2060 1592 2092 5
1611 2058 1749 2107 Inpune

230 2117 320 2153 Fau
331 2116 399 2151 Ac.
488 2119 602 2151 totum
622 2125 647 2161 y
670 2111 771 2163 (libri
788 2113 1039 2161 Lambiniani)
1062 2114 1187 2150 Bentl.
1294 2115 1316 2149 6
1345 2114 1508 2158 Querunt
1530 2115 1614 2163 Fyu
1699 2115 1751 2151 la-

230 2173 341 2209 tentis
363 2171 384 2207 λ
428 2171 581 2207 latentes
601 2174 686 2207 cett.
774 2170 886 2206 thima
906 2169 963 2205 Αλ
993 2175 1088 2218 tynia
1109 2181 1134 2206 u
1228 2172 1247 2204 7
1279 2171 1403 2206 uxoris
1424 2170 1524 2217 Bpr.
1611 2173 1634 2206 8
1662 2167 1747 2222 nee]

229 2230 289 2265 hic
308 2229 386 2265 sch.
411 2227 505 2264 Stat.
611 2226 748 2263 uirides
770 2226 860 2262 ch
963 2231 1132 2262 metuunt
1152 2237 1172 2261 τ
1258 2225 1425 2263 colubres
1446 2226 1483 2262 λι
1520 2227 1690 2264 colubros
1711 2227 1750 2277 ²¹2

230 2281 542 2333 χ(θ11ιηαεονν.)ῃ
563 2282 760 2330 ορμΡρΙι.
785 2284 822 2327 [4
831 2283 977 2328 mama]
1085 2284 1107 2316 9
1135 2282 1318 2319 martiales
1338 2282 1397 2318 Fk
1431 2283 1618 2320 marciales
1637 2295 1664 2319 u

230 2340 406 2378 haediliae
418 2340 501 2387 Bqn
532 2339 684 2376 hediliae
702 2339 758 2384 λψ
788 2339 920 2385 hedilie
938 2350 964 2375 u
993 2339 1142 2375 aediliae
1152 2339 1298 2386 Porph.
1331 2339 1459 2375 ediliae
1473 2350 1502 2375 π
1530 2339 1682 2376 haedilia
1694 2339 1750 2375 Ατ

230 2397 397 2452 hediliass
418 2409 441 2445 γ
478 2396 608 2432 hedilia
629 2395 695 2432 Ac.
720 2392 742 2444 (⁴
752 2401 855 2444 septa
875 2394 1067 2432 hedorum’
1088 2396 1178 2431 Aer.
1201 2392 1361 2445 etschy)
1386 2395 1747 2441 [hoediliae2Bland.

230 2453 395 2487 hoeuliae
412 2453 586 2497 2Bland.]
620 2452 787 2496 hoerlulei
805 2452 977 2488 Auratus
1051 2451 1160 2500 lupus
1180 2463 1262 2498 tpr.
1342 2453 1385 2487 10
1406 2451 1536 2489 tindari
1557 2463 1582 2488 u
1612 2451 1749 2489 dindari

230 2522 251 2545 τ
265 2510 334 2546 sed
346 2510 461 2555 prior
481 2509 493 2544 i
512 2509 551 2544 in
567 2521 590 2557 y
610 2512 756 2544 mutata
772 2513 828 2545 est
915 2510 954 2543 ll
976 2509 1093 2544 ustice
1113 2520 1139 2544 u
1226 2510 1269 2543 13
1287 2509 1340 2544 Dii
1359 2507 1490 2557 Αγλτιι
1576 2508 1749 2557 displetas

231 2566 267 2602 B
353 2566 420 2601 diis
441 2565 547 2613 Aytu
653 2567 695 2607 14
726 2565 785 2601 hic
804 2560 958 2613 πτχ(α)3]
974 2566 1039 2601 Ac.
1078 2565 1163 2600 hinc
1182 2567 1266 2600 cett.
1284 2565 1373 2601 Aer.
1395 2569 1431 2600 et
1445 2564 1551 2613 schy
1573 2562 1747 2611 (interpr.

230 2623 289 2658 ‘de
309 2622 380 2658 hoc
402 2621 540 2658 Sabino
556 2618 714 2670 fundo)
796 2621 982 2668 preducta
1001 2632 1030 2657 π
1114 2631 1179 2656 uu.
1203 2623 1246 2654 15
1265 2631 1321 2668 sq.
1345 2632 1416 2657 om.
1438 2621 1476 2656 B
1561 2622 1604 2656 15
1630 2620 1749 2656 Mane-

229 2678 283 2715 bit
303 2679 351 2714 A1
398 2678 558 2714 manauit
577 2677 674 2724 Pplz.
697 2677 943 2724 opp.Porph.
1031 2679 1075 2712 18
1105 2681 1205 2713 estus
1225 2688 1250 2713 u
1338 2682 1374 2714 et
1393 2676 1463 2714 fide
1483 2677 1557 2730 teia
1584 2677 1670 2713 add.
1684 2676 1747 2723 Az,

230 2746 300 2772 om.
323 2734 373 2770 Ai
458 2735 556 2781 tegla
575 2744 601 2769 u
645 2734 737 2770 taeia
758 2733 840 2780 kpr.
949 2735 991 2768 19
1018 2734 1139 2770 Disees
1160 2731 1383 2783 Bxfflsuar.)
1470 2732 1669 2769 laborantis
1689 2731 1749 2769 Bt

229 2792 298 2828 Ae.
319 2791 417 2837 Pph.
463 2789 670 2826 laborantes
690 2794 776 2826 cett.
890 2801 1003 2827 unum
1023 2801 1045 2837 χ
1063 2790 1254 2826 sch-Pers.
1276 2789 1343 2826 Ac.
1365 2800 1452 2836 opp.
1474 2788 1566 2825 Acr.
1587 2793 1624 2825 ει
1642 2789 1749 2837 εοΙι.γ

231 2848 375 2895 Porph.
477 2849 520 2882 20
549 2846 766 2894 Penelopem
786 2846 805 2881 λ
843 2846 1025 2895 Penelope
1042 2857 1068 2882 u
1153 2842 1399 2895 uitreamque]
1421 2845 1549 2882 uitrea.
1572 2843 1594 2881 λ
1679 2845 1748 2882 cir-
