1826 3184
238 160 290 201 16
797 173 955 201 ΗΟΒΑΤΙ
977 174 1190 202 CARMINVM

348 283 404 322 nil
435 283 725 335 desperandum
758 284 914 323 Teucro
934 284 1045 324 duce
1075 289 1114 324 et
1144 285 1304 337 auspice
1334 285 1499 324 Teucri:

439 361 573 397 certus
604 358 709 396 enim
737 355 919 409 promisit
947 357 1085 409 Apollo

349 429 571 481 ambiguam
602 429 745 469 tellure
775 443 878 469 noua
910 430 1104 469 Salamina
1133 431 1319 470 futuram.

438 516 461 542 0
491 504 616 543 fortes
644 504 862 555 peioraque
892 503 999 554 passi
1701 505 1754 547 30

347 588 503 616 mecum
534 589 652 628 saepe
682 577 771 622 uiri,
803 588 909 615 nunc
938 577 1032 615 uino
1062 575 1197 627 pellite
1228 587 1361 614 curas:

439 662 525 690 cras
554 651 693 701 ingens
723 648 955 689 iterabimus
985 647 1161 699 aequor.'

937 841 1044 881 VIII

437 919 569 972 Lydia,
601 919 675 964 dic,
707 931 780 970 per
810 919 938 958 omnis

346 991 422 1031 hoc
452 992 547 1031 deos
578 987 661 1037 oro,
695 991 861 1044 Sybarin
891 1003 963 1030 cur
991 1003 1184 1043 properes
1214 991 1379 1031 amando

233 1128 501 1155 TESTIMONIA.

323 1184 366 1215 27
384 1192 437 1224 sq.
462 1181 641 1215 Victorin.
667 1182 756 1214 2563
848 1183 892 1215 30
916 1181 1036 1214 Acron
1061 1181 1108 1214 ad
1132 1191 1237 1214 serm.
1263 1182 1300 1214 H
1324 1182 1356 1223 5,
1381 1183 1423 1214 21
1517 1184 1558 1215 31
1585 1182 1641 1216 ‘et
1664 1184 1752 1217 uino

233 1227 363 1270 pellite
396 1229 535 1260 curam'
567 1226 649 1258 Acr.
683 1226 729 1258 ad
761 1226 863 1268 epod.
890 1228 922 1268 9,
947 1227 991 1259 38
1047 1226 1105 1259 ‘ut
1135 1226 1173 1258 in
1197 1227 1353 1260 Horatio
1382 1227 1499 1270 primo
1532 1229 1751 1261 carminum:

234 1283 316 1305 cras
333 1290 375 1295 —
393 1273 545 1314 aequor'
570 1271 677 1303 Prob.
706 1272 791 1304 1419

322 1318 340 1350 Ι
356 1319 387 1350 8.
438 1319 455 1349 1
475 1327 528 1359 sq.
555 1315 692 1358 ‘Lydia
714 1315 774 1348 dic
798 1327 864 1358 per
888 1326 1012 1349 omnes
1038 1319 1074 1349 te
1091 1316 1179 1349 deos
1204 1327 1285 1349 oros
1303 1317 1470 1359 Sybarim
1496 1327 1560 1350 0111·
1575 1328 1752 1361 properas

233 1362 388 1395 amando
405 1387 413 1395 .
433 1387 441 1395 .
460 1387 468 1395 .
485 1361 605 1403 Lydia
629 1360 688 1392 dic
712 1371 777 1404 per
801 1372 924 1394 omnes
942 1386 950 1394 .
969 1386 976 1394 .
996 1386 1004 1394 .
1030 1362 1117 1394 Hor.
1142 1362 1296 1403 primum
1327 1362 1576 1395 choriambum
1599 1363 1752 1396 durissi-

231 1418 328 1439 mum
352 1408 462 1448 fecit3
487 1417 552 1449 pro
576 1406 698 1438 iambo
725 1406 924 1448 spondeum
948 1406 1180 1439 infarciendo
1205 1407 1277 1439 sic:
1310 1409 1347 1439 te
1372 1406 1458 1440 deos
1483 1418 1545 1440 oro
1572 1407 1750 1450 Sybarim.

231 1463 317 1485 nam
342 1454 375 1485 si
398 1456 547 1485 secutus
572 1453 670 1483 esset
693 1451 884 1492 Alcaeum,
922 1452 977 1483 sic
1002 1451 1228 1484 ordinasset:
1259 1451 1329 1484 hoc
1353 1451 1424 1484 dea
1446 1455 1546 1486 uere.
1573 1463 1673 1486 error
1695 1456 1753 1485 ta-

231 1508 315 1530 men
338 1497 440 1529 illius
465 1497 579 1529 habet
603 1496 896 1537 excusationem,
928 1496 1024 1538 quod
1053 1497 1091 1528 in
1117 1506 1162 1528 ea
1185 1497 1480 1539 perseuerauerit
1509 1497 1609 1540 lege,
1643 1507 1754 1540 quam

232 1543 310 1585 ipse
337 1543 409 1575 sibi
433 1542 559 1583 aliquo
585 1551 674 1573 casu
698 1542 857 1583 fecerat,
894 1551 1011 1583 usque
1037 1541 1084 1573 ad
1106 1541 1273 1573 ultimam
1297 1544 1440 1584 partem
1463 1552 1536 1575 11011
1560 1542 1752 1576 mutando'

231 1588 424 1620 Fortunat.
443 1588 531 1620 2683
561 1586 700 1628 ‘Lydia
724 1586 783 1618 dic
807 1597 874 1629 per
897 1596 1021 1619 omnes
1045 1589 1082 1618 te
1107 1586 1193 1618 deos
1211 1597 1273 1619 oro
1291 1586 1461 1629 Sybarim
1487 1597 1551 1620 0111·
1573 1598 1753 1630 properas

233 1632 388 1665 amando
405 1658 412 1665 .
432 1657 440 1664 .
459 1657 466 1664 .
486 1632 524 1663 in
548 1631 618 1663 1100
643 1632 758 1663 etiam
780 1633 938 1664 recessit
963 1632 1008 1664 ab
1026 1631 1176 1672 Alcaeo,
1203 1631 1299 1673 quod
1322 1632 1478 1674 primum
1503 1632 1753 1666 choriambum

232 1677 360 1709 durum
384 1678 493 1718 fecit,
527 1676 726 1709 secundum
750 1687 815 1718 pro
839 1677 961 1710 iambo
987 1676 1188 1718 spondeum
1218 1676 1397 1718 ponendo.
1438 1687 1524 1710 nam
1547 1678 1580 1710 si
1603 1681 1752 1710 secutus

231 1723 365 1755 fuisset
387 1722 582 1762 Alcaeum„
614 1721 667 1753 sic
698 1721 923 1754 ordinasset:
964 1721 1033 1753 hoc
1069 1721 1139 1754 dea
1170 1732 1256 1754 uere
1282 1721 1452 1764 Sybarim
1483 1733 1547 1754 cur
1575 1733 1752 1766 properas

233 1767 468 1800 amando...
489 1778 534 1799 ex
573 1767 643 1799 hoc
682 1766 1036 1808 hendecasyllabum
1068 1765 1293 1809 Sapphicum
1332 1767 1450 1799 facies
1492 1767 1565 1800 sic:
1613 1777 1752 1810 quaeso

230 1813 350 1854 Lydia
376 1812 435 1844 dic
467 1811 556 1844 deos
588 1822 654 1854 per
679 1821 814 1844 omnes.
856 1811 900 1844 de
936 1810 1099 1844 secunda
1129 1811 1380 1844 hexametrum
1405 1813 1477 1844 sic:
1517 1812 1634 1846 hocne
1664 1812 1752 1850 deos

229 1867 316 1890 uere
343 1857 512 1900 Sybarim
538 1866 602 1888 cur
626 1857 775 1898 quaeris
800 1856 971 1889 amando'
995 1857 1187 1889 Fortunat.
1206 1858 1293 1889 2703
1342 1856 1494 1889 ‘octaua
1519 1856 1606 1889 ode:
1630 1857 1752 1899 Lydia

231 1920 273 1925 —
291 1903 360 1935 1100
386 1902 474 1934 deos
497 1912 585 1934 uere
611 1901 768 1943 Sybarin
794 1911 858 1933 cur
880 1911 1054 1944 properes
1080 1901 1251 1934 amando'
1275 1901 1440 1934 Diomed.
1466 1903 1532 1935 520
1571 1903 1750 1936 Victorin.

230 1947 273 1980 de
298 1952 401 1980 metr.
426 1947 514 1979 Hor.
540 1947 629 1978 2614
738 1946 876 1987 ‘Lydia
893 1964 935 1969 -
953 1947 1022 1978 hoc
1047 1946 1134 1979 deos
1167 1957 1229 1979 oro
1246 1971 1254 1978 .
1273 1971 1282 1979 .
1301 1971 1309 1978 .
1330 1957 1394 1979 cur
1423 1957 1599 1990 properas
1624 1957 1751 1980 aman-

230 1992 292 2025 do’
317 1993 496 2026 Victorin.
515 1992 604 2024 2533
693 1990 831 2033 ‘Lydia
850 2010 892 2014 —
907 1991 978 2023 hoc
1003 1991 1091 2024 deos
1115 2002 1162 2024 ue
1178 2016 1186 2024 .
1206 2016 1214 2023 .
1233 1993 1262 2024 .'
1286 1992 1465 2024 Victorin.
1491 1993 1579 2024 2622
1673 1993 1703 2025 1.
1729 1994 1751 2025 3

232 2037 369 2079 ‘Lydia
394 2036 453 2069 dic
478 2035 631 2078 perdere
658 2046 720 2068 cur
736 2060 745 2068 .
765 2061 773 2069 .
791 2037 819 2069 .'
844 2036 1022 2069 Victorin.
1041 2038 1140 2069 2497.
1159 2037 1256 2069 2532.
1276 2037 1363 2069 2591
1457 2038 1476 2069 1
1500 2036 1665 2070 1)101118(1.
1684 2038 1751 2070 509

229 2082 410 2114 Priscian.
441 2082 567 2124 partit.
600 2080 751 2114 duodec.
776 2091 871 2114 uers.
896 2081 986 2114 Aen.
1014 2083 1045 2122 1,
1071 2083 1091 2113 2
1133 2081 1236 2113 ‘Hor.
1268 2083 1308 2113 in
1338 2081 1357 2113 I
1383 2081 1599 2114 carminum:
1630 2081 1751 2124 Lydia

232 2146 273 2150 ——
291 2128 432 2160 omnes'
456 2126 572 2158 Prisc.
590 2126 661 2159 VII
677 2128 698 2159 5
803 2126 938 2168 ‘Lydia
963 2126 1040 2158 dic’
1065 2126 1243 2159 Victorin.
1268 2127 1357 2158 2592
1449 2127 1470 2159 2
1495 2126 1552 2159 ‘in
1574 2127 1750 2159 Horatio:

229 2173 300 2205 hoc
330 2172 417 2205 deos
447 2182 534 2204 uere
560 2170 719 2212 Sybarin
755 2171 842 2213 quid
863 2181 1040 2214 properas
1065 2171 1236 2204 amando'
1262 2170 1426 2204 Diomed.
1445 2172 1511 2205 508
1551 2171 1639 2205 ‘hoc
1662 2171 1751 2204 deos

229 2228 276 2250 ue
293 2242 302 2251 .
321 2242 329 2251 .
348 2242 356 2251 .
375 2228 414 2250 re
440 2216 600 2259 Sybarin
625 2227 689 2249 cur
711 2221 887 2260 properes
904 2235 948 2239 —
965 2215 1138 2249 amando'
1163 2216 1340 2252 Victorin.
1366 2217 1453 2250 2621
1562 2216 1646 2254 ‘cut
1667 2226 1751 2260 pro-

232 2343 359 2371 VARIA
377 2343 543 2370 LECTIO.

342 2409 385 2441 27
407 2406 523 2442 teucri
543 2402 918 2454 Α1γ1ιιλ2χζμσ1ἠριυ)
935 2402 1086 2453 y(codd.
1099 2406 1274 2442 Lambini
1291 2406 1395 2442 Fene
1403 2402 1661 2456 Peerlkampi)
1679 2405 1747 2443 Ac.

231 2462 322 2499 Acr.
345 2467 381 2498 et
400 2463 506 2511 seim
541 2458 779 2509 (‘Apollinem
800 2464 906 2499 dicit'
927 2462 1017 2500 Aer.
1037 2466 1074 2498 et
1093 2463 1200 2511 sch.y
1230 2464 1252 2498 ‘.
1272 2490 1279 2498 .
1300 2490 1307 2498 .
1322 2461 1518 2509 fautorem
1545 2463 1609 2499 uel
1633 2472 1748 2509 spon-

229 2523 370 2555 sorem’
392 2515 510 2567 scay)
534 2518 717 2555 Victorini
734 2520 815 2555 cod.
826 2519 954 2556 Paris.
968 2518 1120 2555 Peerlk.
1153 2524 1278 2555 teucro
1294 2515 1747 2568 Ελ1πτΑ2γ2χ(αβ9μαα1-.

230 2583 314 2621 62p2
334 2575 485 2612 teuchro
508 2570 574 2624 ὅθ)
595 2575 741 2611 Phoebo
763 2575 887 2611 Bentl.
982 2576 1147 2623 auspice;
1169 2576 1307 2612 Teucro
1329 2581 1450 2612 certus
1469 2576 1565 2612 enim
1583 2575 1750 2612 Waaeus

314 2634 358 2667 28
380 2631 514 2668 Certus
534 2632 631 2667 enim
652 2629 775 2679 prom:
798 2643 828 2677 φ
915 2633 955 2667 31
979 2643 1065 2680 sepe
1085 2632 1118 2667 A
1697 2640 1701 2643 ·

342 2684 365 2725 Ι
386 2683 422 2725 8.
483 2688 537 2723 ΑΙ)
565 2688 713 2723 LIDIAM
739 2687 1017 2725 MERETRICEM
1043 2687 1112 2723 AB
1169 2688 1353 2725 EROTICE
1380 2687 1562 2725 DIGOLOS
1589 2688 1646 2724 AD
1673 2687 1748 2724 LY-

229 2745 334 2781 DIAM
356 2741 565 2793 (LIDIAM
578 2749 612 2790 ψ
649 2744 796 2780 LIDIAM
818 2742 849 2791 λ)
879 2744 938 2780 Fa
994 2744 1178 2781 EROTICE
1205 2744 1388 2781 DICOLOS
1414 2745 1470 2780 AD
1496 2743 1644 2780 LIDIAM
1669 2743 1748 2781 ME-

229 2801 446 2837 RETRICEM
465 2812 489 2848 γ
574 2801 857 2846 inscriptionem
879 2812 949 2838 om.
971 2813 991 2837 τ
1106 2803 1123 2834 1
1154 2801 1255 2837 Lidia
1274 2806 1336 2848 ψιι
1428 2812 1495 2849 per
1513 2812 1588 2837 om.
1609 2800 1663 2836 191

231 2858 348 2894 omnis
371 2857 425 2905 Αχ
441 2857 574 2904 Aapr.
624 2867 749 2893 omnes
769 2858 851 2894 rell.
873 2858 1046 2897 Ac.corr,.
1159 2860 1182 2892 2
1210 2857 1287 2894 Hoc
1314 2854 1402 2905 (Hoc
1421 2855 1453 2908 τ)
1483 2857 1571 2894 deos
1591 2868 1657 2903 oro
1675 2866 1748 2907 γπι
