1846 3216
868 183 900 211 12
1570 167 1657 212 209

303 302 412 338 tenta
441 296 583 338 cubilia
615 301 799 348 tectaque
827 297 998 349 rumpit;

245 370 310 411 uel
339 383 428 411 mea
458 384 548 411 cum
578 372 708 411 saeuis
737 372 859 422 agitat
886 369 1045 410 fastidia
1074 369 1229 409 uerbis:

303 444 475 485 ‘Inachia
503 445 669 497 langues
698 446 830 485 minus
858 457 906 485 ac
933 456 1018 484 me:

244 518 444 559 Inachiam
472 524 536 559 ter
565 523 683 559 nocte
712 523 839 572 potes,
870 517 968 558 mihi
998 529 1158 570 semper
1187 516 1236 556 ad
1266 529 1389 556 unum
1604 523 1656 561 15

300 592 431 633 mollis
461 605 574 645 opus.
605 597 746 645 pereat
773 592 876 633 male
906 603 1008 644 quae
1038 595 1077 631 te

245 666 388 706 Lesbia
418 667 626 718 quaerenti
657 671 815 707 taurum
838 666 1086 706 monstrauit
1113 666 1298 711 inertem,

302 752 393 780 cum
421 740 518 780 mihi
549 740 652 781 Cous
682 740 839 780 adesset
868 742 1066 794 Amyntas,

245 814 357 854 cuius
386 815 428 854 in
456 814 649 854 indomito
680 815 924 854 constantior
952 814 1116 865 inguine
1145 825 1309 858 neruos,

302 899 421 939 quam
450 901 556 928 noua
584 887 754 928 collibus
783 887 904 928 arhor
932 887 1125 927 inhaeret.
1604 890 1658 930 20

244 961 466 1002 muricibus
496 962 627 1014 Tyriis
655 963 821 1002 iteratae
852 961 1003 1002 uellera
1031 961 1145 1001 lanae

302 1036 367 1075 cui
395 1035 740 1088 properabantur?
773 1035 843 1075 tibi
871 1047 1027 1087 nempe,

244 1121 296 1148 ne
324 1110 430 1149 foret
458 1110 635 1160 aequalis
663 1111 769 1150 inter
799 1110 981 1155 conuiua‚
1011 1109 1139 1161 magis
1169 1120 1288 1160 quem

302 1182 484 1234 diligeret
512 1182 657 1223 mulier
687 1196 758 1223 sua
789 1195 908 1234 quam
937 1188 989 1223 te.

244 1268 268 1295 o
299 1268 372 1307 ego
403 1269 483 1296 non
514 1256 615 1302 felix,
648 1269 767 1308 quam
795 1261 838 1296 tu
868 1257 974 1308 fugis
1003 1260 1047 1296 ut
1075 1250 1197 1308 pauet
1226 1257 1329 1296 acris
1603 1260 1656 1301 25

302 1341 401 1381 agna
430 1330 547 1383 lupos
578 1341 826 1383 capreaeque
855 1328 1021 1370 leones.’

131 1661 185 1687 TE
190 1660 402 1688 STIMONIA.

223 1727 266 1759 25
292 1725 325 1758 ‘o
351 1736 419 1768 ego
444 1725 587 1758 infelix'
611 1726 752 1759 Victor.
779 1725 824 1759 de
848 1725 1022 1759 finalibus
1046 1727 1067 1759 5
1160 1723 1279 1759 ‘nemo
1304 1725 1396 1758 dicit
1419 1736 1441 1758 o
1466 1736 1554 1770 ego,
1586 1727 1660 1759 nisi

132 1782 155 1804 o
185 1772 270 1810 (om.
303 1769 466 1812 Charis.)
498 1771 720 1804 exclamatio
754 1772 821 1811 sit,
875 1774 917 1803 ut
949 1771 1047 1813 apud
1074 1771 1162 1804 Hor.
1196 1782 1217 1804 o
1250 1781 1318 1814 ego
1348 1771 1494 1804 infelix'
1525 1772 1661 1804 incerti

132 1817 294 1850 auctoris
317 1816 450 1858 fragm.
475 1821 667 1859 grammat.
693 1815 748 1850 ed.
771 1816 1006 1851 Eichenfeld.
1031 1816 1065 1857 ξ.
1091 1817 1174 1858 182;
1206 1816 1296 1849 item
1320 1816 1514 1850 Charisius
1538 1827 1572 1860 p.
1593 1817 1658 1850 158

133 1861 198 1895 sed
221 1860 324 1894 add.:
350 1860 471 1904 ‘quem
493 1863 535 1894 tu
557 1861 669 1904 fugis'
1314 1883 1317 1885 -

131 2050 260 2078 VARIA
279 2050 444 2077 LECTIO.

247 2121 290 2155 13
311 2114 412 2169 cum]
436 2130 543 2168 quam
563 2119 714 2156 Peerlk.
831 2120 930 2157 seuis
951 2130 991 2156 u1
1013 2123 1056 2156 ut
1074 2121 1153 2157 uid.
1176 2121 1311 2172 sessuis
1331 2130 1362 2155 π
1474 2131 1514 2156 u.
1536 2122 1579 2155 14
1591 2131 1655 2167 pr.

133 2187 204 2213 om.
226 2175 272 2219 A,
287 2179 426 2223 postea
444 2176 485 2212 in
505 2176 678 2224 margine
698 2176 788 2221 add.
923 2188 962 2213 u.
985 2178 1026 2212 15
1048 2181 1137 2213 ante
1166 2188 1204 2215 u.
1226 2178 1271 2211 14
1285 2177 1402 2223 prius
1419 2182 1606 2223 posuerat
1626 2189 1658 2224 φ

247 2234 291 2267 14
310 2234 428 2269 minus
449 2232 600 2282 langues
620 2244 646 2269 u
780 2233 960 2281 languens
981 2233 1017 2268 B
1150 2235 1192 2268 15
1220 2233 1363 2270 Inachia
1384 2233 1423 2269 F
1533 2239 1658 2282 potest

133 2289 173 2325 B
200 2294 333 2338 potens
353 2301 373 2325 τ
507 2292 550 2326 16
571 2301 642 2338 que
662 2290 701 2325 B
833 2291 875 2324 17
897 2291 1064 2338 querenti
1084 2301 1188 2339 γπτιι
1323 2291 1366 2325 18
1387 2290 1497 2327 michi
1517 2301 1543 2326 u

134 2369 248 2406 chous
268 2368 406 2405 kau
521 2370 675 2406 amintas
695 2367 820 2418 γλπτιι
937 2370 980 2403 19
1008 2349 1159 2418 iungine
1178 2368 1218 2404 B
1302 2380 1440 2406 neruus
1460 2380 1490 2406 π
1518 2380 1656 2407 neruus

133 2430 218 2463 cett.
333 2427 379 2461 20
405 2425 550 2462 inheret
568 2426 707 2475 Fymu
821 2427 864 2460 21
892 2425 1077 2462 Miricibus
1096 2437 1117 2462 τ
1218 2426 1313 2462 tiriis
1335 2426 1420 2475 Ayu
1525 2427 1655 2462 iterate

132 2483 166 2519 A
280 2483 382 2518 inter
400 2493 438 2518 u.
458 2484 502 2518 21
522 2487 560 2519 et
578 2486 622 2518 22
642 2494 662 2519 τ
683 2483 845 2519 inseruit
870 2483 922 2522 13,
944 2485 964 2517 7
1090 2485 1134 2517 22
1159 2482 1451 2532 properabantur
1472 2482 1656 2532 BFymG

134 2538 199 2586 (ex
212 2539 271 2576 sil.
284 2535 476 2586 Broulch.)
489 2539 587 2582 ςΑε.
598 2539 705 2588 sch.y
720 2538 799 2586 (alt.
817 2540 840 2575 l.
860 2543 1104 2587 properantur
1121 2535 1388 2588 sck.y)sck.l‹p
1407 2539 1655 2587 properabun-

133 2601 194 2631 tur
212 2592 343 2644 Αλχζρ)
369 2596 403 2641 [l
426 2596 575 2641 Bland]
682 2597 732 2631 23·
747 2595 917 2644 aequales
937 2595 975 2630 F
991 2593 1130 2644 equalis
1151 2608 1174 2645 γ
1204 2596 1300 2644 aliqs
1322 2597 1354 2632 A
1385 2595 1533 2644 equales
1554 2607 1580 2631 u

134 2653 304 2688 conuiuia
322 2662 480 2689 scamas.
614 2655 658 2688 25
678 2651 804 2688 infelix
820 2663 846 2699 y
863 2651 1062 2688 Charisius
1076 2652 1238 2689 Maxim.
1257 2652 1438 2689 Victorin.
1451 2655 1654 2699 yrammat.

132 2709 313 2744 incertus.
335 2719 423 2755 opp.
444 2707 582 2754 sclahp
602 2710 766 2755 interpr.
789 2714 874 2744 ‘non
896 2704 1000 2758 felix]
1022 2709 1047 2744 i.
1068 2719 1100 2745 e.
1122 2709 1258 2746 infelix'
1290 2714 1327 2746 et
1353 2710 1430 2744 iam
1459 2712 1654 2744 auctorem

133 2764 230 2812 eleyi
247 2765 294 2800 de
313 2769 433 2801 morte
452 2764 576 2802 Drusi
601 2777 676 2802 non
698 2765 783 2802 felix
812 2765 946 2811 leyisse
966 2765 1156 2811 arbitror,
1187 2765 1241 2813 cf.
1263 2777 1301 2802 u.
1325 2768 1409 2801 145:
1441 2766 1567 2801 iamne
1586 2774 1655 2812 eqo

134 2831 208 2856 non
226 2819 329 2866 felix
347 2831 380 2857 e.
401 2831 435 2867 q.
457 2831 489 2859 s.
606 2833 713 2870 quem
735 2821 934 2858 Charisius
1039 2833 1140 2859 acres
1161 2822 1248 2871 Fyu
1356 2823 1399 2856 26
1421 2821 1530 2869 lupus
1550 2832 1571 2856 τ

134 2887 262 2927 capree
283 2888 306 2925 γ
337 2888 487 2925 capraee
509 2876 530 2913 λ
560 2889 688 2927 caprae
713 2878 779 2914 Fa

203 2951 390 2975 HOBATIVS
405 2951 420 2973 1
438 2951 466 2973 ι.
1332 2941 1386 2982 14
