1846 3204
567 179 726 208 nomn
746 179 959 207 CARMINVM
978 178 1059 204 ΜΒ.
1081 178 1145 204 111.
1167 178 1180 203 1
1585 160 1641 204 95

338 296 480 331 cuncta
509 290 722 343 supercilio
751 290 961 330 mouentis.

229 369 290 404 est
318 369 363 404 ut
391 366 480 404 uiro
510 366 573 404 uir
601 364 718 404 latius
748 363 905 403 ordinet

229 437 392 477 arbusta
421 437 553 483 sulcis,
585 437 650 476 hic
679 438 911 489 generosior
1586 438 1638 477 10
1682 449 1685 450 ⁷

285 510 498 550 descendat
526 511 568 550 in
598 523 782 562 campum
810 511 972 562 petitor,

335 583 515 624 moribus
543 583 608 623 hic
637 583 858 634 meliorque
888 584 991 622 fama

229 657 451 703 contendat,
482 657 540 696 illi
569 656 686 696 turba
715 656 919 696 clientium

228 731 279 769 sit
306 731 451 770 maior:
485 741 609 781 aequa
638 730 726 781 lege
755 730 978 770 Necessitas
1123 782 1130 784 Ἴ

285 804 450 843 sortitur
478 804 643 855 insignis
674 809 713 843 et
740 805 855 849 imos,
1586 805 1637 844 15

336 889 453 917 omne
483 890 603 930 capax
635 881 772 917 mouet
800 889 899 916 urna
934 887 1094 915 nomen.

197 953 201 957 '
229 950 442 990 destrictus
472 952 578 990 ensis
609 952 673 990 cui
702 963 823 1003 super
851 951 971 1002 impia

231 1024 389 1063 ceruice
417 1024 577 1076 pendet,
609 1036 690 1063 non
721 1023 875 1063 Siculae
905 1023 1027 1075 dapes

287 1097 444 1136 dulcem
474 1097 735 1137 elaborabunt
764 1108 962 1149 saporem,

337 1183 418 1209 non
449 1171 583 1210 auium
613 1162 875 1221 citharaeque
896 1173 1036 1209 cantus
1586 1170 1642 1211 20

230 1256 412 1283 somnum
442 1243 658 1283 reducent:
690 1256 854 1283 somnus
884 1244 1099 1293 agrestium

229 1316 329 1356 lenis
361 1318 541 1356 uirorum
568 1329 650 1356 non
680 1316 838 1356 humilis
868 1315 1007 1355 domos

284 1390 433 1430 fastidit
462 1390 770 1441 umbrosamque
799 1390 939 1442 ripam,

337 1449 418 1503 non
447 1463 636 1522 Zephyris
665 1465 809 1515 agitata
838 1463 999 1515 Tempe.

230 1537 522 1577 desiderantem
553 1537 659 1588 quod
689 1538 783 1577 satiS
815 1541 875 1576 est
903 1534 1046 1588 neque}
1588 1538 1641 1578 25
1673 1564 1677 1567 -

192 1644 203 1646 ff
230 1610 520 1650 tumultuosum
551 1610 736 1650 sollicitat
764 1622 888 1655 mare,

285 1697 361 1724 nec
390 1696 531 1724 saeuos
559 1685 719 1724 Arcturi
748 1683 926 1723 cadentis

335 1759 509 1810 impetus
538 1762 606 1797 aut
636 1757 800 1796 orientis
829 1756 966 1802 Hae‘di,

228 1843 310 1871 non
341 1831 575 1879 uerberatae
604 1830 796 1882 grandine
825 1830 966 1869 uineae

50 2012 54 2015 v
119 1979 387 2008 rnsrmoum.

210 2041 252 2072 14
276 2050 329 2081 sq.
368 2039 483 2081 ‘equa
507 2038 590 2082 lege
608 2056 652 2061 -—
668 2038 777 2071 imos'
803 2037 909 2070 floril.
934 2037 1052 2069 Paris.
1078 2037 1168 2070 8069
1262 2038 1304 2070 17
1330 2047 1385 2079 sq.
1424 2036 1642 2071 ‘destrictus

118 2102 161 2108 —
177 2085 329 2128 pendet'
369 2084 502 2127 Porph.
529 2084 576 2116 ad
602 2094 631 2116 c.
658 2084 676 2115 I
700 2085 732 2124 9,
758 2084 779 2116 5
828 2082 971 2115 Charis.
996 2084 1061 2116 269
1178 2081 1388 2115 ‘districtus
1414 2083 1513 2116 ensis
1545 2083 1643 2125 quod

119 2141 230 2172 super
251 2140 387 2172 magna
413 2130 558 2162 ceruice
582 2128 735 2171 pendet'
762 2128 912 2170 Sergius
936 2128 976 2160 in
999 2128 1136 2160 Donat.
1163 2128 1251 2160 1798

118 2267 246 2295 VARIA
263 2267 430 2295 LEOTIO.

231 2335 341 2372 Inter
368 2347 405 2372 u.
426 2338 448 2371 8
467 2339 504 2372 et
522 2337 545 2371 9
578 2337 758 2373 lacunam
793 2335 1035 2372 statuendam
1069 2335 1217 2371 censuit
1253 2334 1455 2381 Roeperus
1491 2331 1640 2384 (philol.

119 2392 236 2429 XVIIII
250 2404 294 2439 p.
312 2392 390 2439 325)
476 2393 498 2427 9
518 2397 598 2429 esto
619 2398 661 2430 ut
681 2393 809 2429 Bentl.
832 2389 1070 2438 opp-sch.qu
1146 2390 1288 2427 ordinat
1308 2391 1347 2426 B
1432 2393 1473 2426 ll
1494 2391 1644 2428 descen-

120 2449 180 2485 det
199 2460 223 2498 γ
311 2450 354 2484 13
375 2448 571 2497 clyentium
588 2450 627 2485 F
653 2449 824 2485 clientum
843 2458 989 2495 supracx
1075 2448 1117 2482 15
1137 2448 1294 2496 insignis
1314 2458 1344 2483 π
1372 2448 1537 2496 insignes
1557 2453 1642 2484 cett.

205 2507 247 2540 17
266 2505 459 2541 DiStrIctus
478 2504 610 2542 Fama
633 2505 802 2553 Semnus,
824 2515 900 2541 non
922 2503 1053 2540 GAcr.
1075 2506 1115 2539 et
1132 2504 1293 2553 sch.yi.t.
1315 2504 1414 2550 Pph.
1427 2504 1570 2551 Porph.
1593 2505 1645 2540 ad

120 2572 153 2600 c.
175 2562 188 2598 1
209 2563 242 2606 9,
266 2561 464 2613 Charisius
551 2558 628 2612 cui]
652 2562 750 2611 quod
771 2561 929 2609 Seryius
1014 2560 1127 2608 impia}
1143 2571 1188 2597 uz
1274 2562 1317 2596 18
1347 2560 1497 2596 Ceruicfe
1515 2571 1558 2596 ιη

121 2617 299 2666 dependet
319 2617 517 2654 Charisius
602 2620 647 2654 19
667 2618 898 2655 elaborarunt
919 2627 950 2651 ω
972 2616 1230 2661 [elaborabunt
1244 2618 1499 2661 omn.Bland.]
1523 2615 1644 2663 (⁴red-

122 2674 227 2710 ‹lent'
253 2674 556 2726 interpr.lsch.y)
643 2677 688 2710 20
718 2675 866 2729 cythare
885 2672 997 2709 Ελπτ
1082 2674 1124 2707 21
1157 2673 1318 2710 Sonnum
1338 2685 1363 2710 u
1458 2683 1597 2708 sonnus
1618 2684 1643 2708 u

232 2733 277 2765 22
306 2730 459 2767 humiles
482 2732 626 2781 BFytu
740 2732 784 2766 23
814 2729 1069 2766 umbrosamne
1094 2729 1232 2766 Ianius
1345 2732 1390 2764 24
1419 2729 1575 2776 zephiris
1595 2740 1643 2764 tu

123 2801 238 2838 zefiris
258 2802 296 2838 B
324 2804 489 2852 zepheris
509 2816 533 2852 γ
604 2807 648 2839 27
668 2793 777 2840 seuo's
798 2814 827 2838 π
864 2813 974 2839 seuus
995 2802 1055 2839 Fu
1094 2815 1225 2840 saeuus
1246 2807 1331 2840 cett.
1419 2804 1464 2837 28
1491 2803 1643 2838 orientis

123 2859 184 2905 eui
204 2858 272 2895 Ac.
360 2860 444 2896 hedi
468 2860 575 2896 Fkvu
