1846 3204
224 169 305 211 108
783 177 940 206 ΗΟΒΑΤῙ
962 176 1177 205 eARvaM

335 292 448 332 miles
477 290 633 331 redibit.
675 289 821 341 flagitio
852 288 992 329 additis

391 365 595 405 damnum:
628 375 757 414 neque
787 363 951 402 amissos
982 361 1136 401 colores

442 438 530 478 lana
559 438 683 478 refert
711 436 902 476 medicata
931 436 1035 480 fuco,

335 523 408 551 nec
438 523 534 550 uera
563 512 703 556 uirtus,
736 522 826 549 cum
856 508 979 548 semel
1009 507 1164 552 excidit,

337 588 449 625 curat
477 585 619 636 reponi
649 581 925 623 deterioribus.
1646 579 1649 581 ’
1683 579 1737 619 30

391 659 424 697 si
452 662 600 709 pugnat
630 657 817 696 extricata
847 655 979 694 densis

443 742 562 770 cerua
591 729 727 782 plagis,
760 729 836 768 erit
864 727 930 767 ille
958 728 1072 767 fortis

335 805 403 855 qui
431 803 592 856 perfidis
623 815 666 842 se
697 801 863 842 credidit
891 800 1084 846 hostibus,

335 882 374 917 et
403 877 527 917 Marte
556 877 710 916 Poenos
739 879 919 927 proteret
949 874 1072 914 altero

391 951 459 1001 qui
488 949 572 988 lora
601 949 794 988 restrictis
823 947 981 987 lacertis
1683 946 1735 986 35

442 1023 566 1061 sensit
594 1022 702 1061 iners
731 1021 940 1071 timuitque
970 1023 1152 1059 mortem.

333 1096 409 1142 hic,
440 1095 547 1135 unde
580 1096 700 1134 uitam
730 1098 906 1135 sumeret
934 1094 1094 1138 inscius,

333 1181 471 1221 pacem
500 1168 631 1208 duello
661 1169 829 1208 miscuit.
872 1180 894 1206 o
924 1167 1073 1220 pudor!

389 1255 412 1282 o
441 1254 581 1293 magna
611 1241 804 1292 Carthago
835 1240 1038 1293 probrosis

442 1315 556 1355 altior
584 1314 716 1354 Italiae
747 1313 909 1354 ruinisl’
1682 1313 1736 1353 40

332 1390 460 1429 fertur
489 1388 655 1440 pudicae
686 1388 863 1438 coniugis
893 1387 1072 1427 osculum

333 1473 559 1514 paruosque
589 1465 702 1500 natos
731 1465 776 1500 ut
805 1461 942 1512 capitis
963 1461 1102 1499 minor

388 1535 437 1575 ab
467 1547 510 1575 se
539 1535 759 1574 remouisse
790 1538 829 1572 et
858 1533 1035 1585 uirilem:

440 1613 577 1648 toruos
606 1607 717 1647 humi
743 1608 924 1659 posuisse
953 1606 1117 1657 uoltum,

332 1682 459 1722 donec
488 1681 655 1721 labantis
686 1680 849 1720 consilio
879 1685 1013 1732 patres
1682 1680 1735 1721 45

331 1756 508 1796 firmaret
537 1758 675 1795 auctor
705 1765 921 1805 numquam
952 1753 1047 1793 alias
1077 1752 1167 1793 dato

221 1907 273 1932 ΤΕ
278 1904 489 1933 STIMONIA.

309 1961 353 1993 27
371 1968 424 2001 sq.
453 1958 588 2000 ‘neque
607 1975 649 1980 -
665 1957 767 1990 fuco'
792 1956 913 1990 Acron
935 1955 1108 1998 uolgatus
1133 1957 1170 1988 et
1193 1955 1269 1987 sch.
1288 1966 1309 1997 γ
1335 1954 1382 1987 ad
1405 1964 1512 1987 serm.
1537 1954 1556 1986 I
1570 1955 1604 1995 2,
1621 1954 1665 1987 83

218 2007 262 2038 29
287 2014 340 2046 sq.
367 2004 471 2037 Seru.
496 2003 543 2036 ad
567 2002 656 2035 Aen.
680 2003 718 2034 II
743 2003 808 2035 367
878 2002 919 2034 31
945 2010 998 2042 sq.
1026 2000 1136 2033 ‘si——-
1152 2000 1291 2043 plagis’
1318 1999 1422 2032 Seru.
1447 1999 1494 2032 ad
1510 1999 1599 2032 Aen.
1616 1999 1668 2031 VI
1691 2001 1734 2032 27

285 2050 333 2082 ef.
361 2048 479 2081 ‘muta
503 2057 648 2090 quoque
673 2046 850 2080 animalia
875 2056 956 2078 cum
979 2045 1108 2078 fraude
1135 2047 1341 2088 capiuntur,
1367 2045 1399 2077 si
1423 2044 1548 2086 aliquo
1565 2043 1670 2076 modo
1696 2054 1735 2076 se

218 2095 256 2127 in
280 2095 406 2137 fugam
432 2092 707 2134 extrieauerint,
731 2091 823 2124 fiunt
844 2090 1032 2135 postmodo
1059 2091 1245 2123 cautiora‘
1270 2089 1490 2123 Lactantius
1514 2089 1600 2122 inst.
1617 2089 1669 2123 VI
1692 2089 1736 2123 24

217 2244 345 2273 VARIA
363 2242 528 2270 LEGTIO.

217 2308 258 2344 in
277 2305 654 2352 interpretationibus
674 2303 855 2341 exhibent
874 2302 963 2340 Acr.
985 2305 1022 2339 et
1040 2302 1147 2351 sck.y
1163 2301 1307 2348 Porph.
1400 2303 1443 2335 27
1472 2300 1680 2337 Damnatum
1702 2306 1736 2349 ψ

218 2364 413 2411 Dampnum
435 2374 466 2408 φ
490 2361 695 2406 [dampnum
714 2361 946 2405 ubiquecodd.
959 2359 1035 2403 Cra]
1073 2359 1232 2395 Daunum
1251 2369 1277 2394 u
1363 2368 1431 2394 nec
1449 2368 1494 2405 γτ
1579 2358 1623 2392 28
1642 2357 1736 2393 rese-

219 2423 274 2456 rat
293 2418 460 2467 sch.yad
472 2427 584 2454 serm.
607 2418 621 2453 1
641 2420 662 2451 2
748 2418 791 2452 29
822 2427 941 2452 semex
961 2415 1009 2451 A1
1096 2414 1228 2451 occidit
1247 2425 1268 2449 τ
1354 2425 1420 2450 uu.
1442 2414 1588 2449 31—34
1607 2423 1677 2449 om.
1699 2413 1755 2458 B-

303 2476 343 2510 31
376 2474 435 2511 Sic
453 2485 479 2521 y
500 2473 631 2510 Seruii
642 2469 790 2510 codices
809 2473 963 2519 quidam
1048 2473 1092 2507 33
1122 2482 1160 2507 se
1181 2470 1315 2507 dedidit
1336 2470 1460 2507 Bentl.
1547 2471 1591 2504 34
1619 2472 1736 2506 marte

218 2532 256 2569 F
336 2542 451 2579 penos
471 2541 496 2566 u
584 2526 734 2578 propt&
753 2540 783 2564 π
821 2530 938 2577 pterit
956 2539 978 2563 τ
1081 2528 1126 2562 36
1155 2527 1278 2563 inhers
1298 2537 1329 2562 π
1432 2527 1476 2561 36
1494 2535 1550 2572 sq.
1582 2529 1734 2562 mortem

219 2589 320 2628 hinc,
349 2586 444 2622 unde
472 2587 584 2622 uitam
613 2591 771 2622 sumeret
791 2586 910 2633 aptius
931 2583 1056 2620 Bentl.
1151 2585 1194 2618 37
1225 2578 1379 2632 inscius]
1403 2582 1521 2630 aptius
1542 2580 1733 2617 ιιΑἳλιιαν.

218 2638 628 2691 πεφῖψιιαν.χ(δρευι)ῃ
667 2643 793 2679 anxius
813 2641 1068 2678 Kreusszerus
1106 2640 1242 2675 inscius
1262 2639 1352 2675 Acr.
1374 2641 1412 2674 et
1429 2637 1536 2686 sch.y
1555 2637 1653 2683 Pph.

218 2718 262 2753 38
291 2727 414 2765 pacem
436 2720 472 2752 et
492 2714 611 2751 duello
634 2714 758 2751 Bentz.
846 2715 889 2748 39
919 2718 1064 2761 cartago
1087 2712 1215 2748 Bch
1246 2699 1394 2759 c'artago
1414 2721 1435 2745 τ
1521 2697 1689 2758 ριὀὴὸεἰε
1708 2721 1734 2759 y

302 2774 347 2808 40
376 2769 516 2820 ru'ginis
535 2783 560 2820 γ
663 2772 703 2804 41
737 2770 865 2818 pudice
885 2782 910 2819 γ
994 2770 1038 2804 43
1067 2768 1119 2805 Ab
1140 2765 1494 2813 ABFtnuGgPph.
1534 2766 1563 2802 A
1582 2777 1651 2814 γτχ

218 2842 262 2874 44
283 2824 490 2876 ΤονιιυεὨ
574 2838 715 2875 uultum
737 2836 904 2886 ΑΒγλτιι
989 2838 1033 2871 45
1062 2827 1222 2872 labantes
1243 2834 1350 2871 Futz
1430 2833 1542 2882 patris
1562 2844 1591 2869 π
