1852 3184
219 178 245 219 8
780 189 938 217 HORATI
960 190 1174 218 oARvaM

333 311 410 351 quo
442 313 522 340 non
552 300 700 340 arbiter
729 301 897 341 Hadriae
941 319 942 322 ¹
1683 307 1735 348 15

387 375 525 420 maior,
558 361 698 413 tollere
729 386 799 413 seu
829 386 979 426 ponere
1010 374 1094 414 uolt
1124 375 1236 414 freta.

333 459 451 498 quem
481 449 621 487 mortis
653 448 781 486 timuit
810 447 989 497 gradum,

390 521 458 571 qui
488 521 601 560 siccis
631 520 756 559 oculis
785 524 963 559 monstra
992 521 1176 566 natantia,

335 595 402 644 qui
432 594 531 633 uidit
559 606 668 633 mare
700 593 902 644 turgidum
934 598 972 632 et

389 667 545 706 infamis
575 666 759 718 scopulos
788 666 1103 706 Acroceraunia?
1684 671 1739 711 20

333 741 575 791 nequiquam
606 739 702 778 deus
733 739 898 778 abscidit

391 813 566 865 prudens
596 813 753 852 Oceano
785 811 1023 853 dissociabili

337 891 476 931 terras,
509 887 543 925 si
572 890 705 926 tamen
734 887 878 938 impiae

391 972 470 999 non
503 959 697 1010 tangenda
726 963 832 999 rates
863 959 1090 1016 transiliunt
1121 959 1230 998 uada.

335 1032 459 1072 audax
493 1033 623 1071 omnia
651 1033 808 1084 perpeti
1688 1037 1742 1078 25

391 1117 488 1155 gens
518 1104 688 1144 humana
717 1106 798 1144 ruit
826 1116 898 1157 per
929 1106 1097 1145 uetitum
1126 1106 1256 1145 nefas:

337 1178 463 1217 audax
493 1178 618 1230 Iapeti
646 1189 772 1229 genus

391 1252 523 1302 ignem
553 1251 691 1290 fraude
723 1250 822 1290 mala
851 1251 1036 1302 gentibus
1064 1252 1216 1296 intulit;

337 1329 428 1376 post
456 1325 587 1375 ignem
619 1324 793 1365 aetheria
823 1324 940 1365 domo

223 1494 492 1523 TESTIMONIA.

291 1569 334 1599 20
370 1566 486 1599 schol.
512 1565 605 1598 Stat.
633 1565 748 1600 Theb.
771 1566 789 1598 1
812 1568 889 1599 333.
915 1566 970 1598 III
996 1567 1070 1598 121.
1095 1567 1148 1599 VI
1172 1567 1237 1600 155
1268 1566 1472 1600 ‘Ceraunia
1495 1570 1582 1600 sunt
1603 1571 1747 1601 montes

224 1612 344 1654 Epiri,
379 1622 401 1643 a
433 1611 571 1643 crebris
602 1610 817 1644 fulminibus
848 1614 997 1653 propter
1034 1611 1268 1644 altitudinem
1299 1612 1489 1645 nominati.
1529 1612 1625 1645 unde
1656 1613 1744 1645 Hor.

225 1657 434 1699 expressius
459 1656 552 1688 dixit
575 1656 849 1689 Acroceraunia
880 1658 1030 1699 propter
1060 1657 1295 1690 altitudinem
1329 1660 1366 1689 et
1389 1657 1581 1690 fulminum
1605 1657 1746 1690 iaetus'

225 1702 327 1734 Seru.
354 1701 401 1733 ad
424 1701 513 1733 Aen.
539 1701 594 1733 ΠΙ
618 1701 684 1733 506
775 1703 816 1733 21
849 1700 953 1734 Abbo
976 1701 1245 1744 Floriaeensis‚
1285 1704 1429 1743 quaest.
1453 1705 1646 1745 grammat.
1670 1712 1700 1736 e.
1725 1704 1745 1736 7

224 1745 338 1787 (auct.
366 1746 476 1778 class.
502 1746 580 1778 Mai
602 1747 635 1779 V
659 1745 739 1788 336)
834 1747 877 1779 23
902 1756 955 1788 sq.
983 1746 1034 1780 ‘si
1049 1764 1094 1769 --
1110 1746 1223 1779 uada’
1250 1746 1352 1780 Seru.
1379 1746 1426 1780 ad
1449 1747 1539 1780 Aen.
1564 1747 1583 1779 I
1606 1749 1671 1781 603

224 1793 368 1825 29-31
395 1791 497 1825 Seru.
523 1790 570 1823 ad
595 1791 663 1823 ecl.
689 1792 721 1832 6,
747 1792 790 1823 42

226 1951 355 1980 VARIA
374 1951 540 1978 LEGTIO.

337 2031 401 2056 uu.
427 2020 573 2054 15—20
594 2019 665 2055 del.
690 2018 846 2055 Guietus
866 2022 902 2054 et
921 2018 1072 2055 Peerlk.
1162 2021 1205 2053 15
1235 2019 1359 2056 hadrie
1380 2018 1401 2055 λ
1449 2020 1569 2057 adriae
1588 2031 1620 2067 φ
1706 2022 1750 2056 16

225 2072 309 2126 seu]
332 2087 371 2112 se
391 2087 411 2111 τ
498 2075 579 2112 uult
599 2075 681 2111 Ατιι
787 2075 959 2112 extollere
980 2074 1143 2112 Ficorr.
1237 2078 1279 2111 18
1309 2077 1394 2112 sicis
1415 2075 1452 2112 λι
1489 2077 1599 2112 rectis
1619 2075 1747 2113 Bentl.

225 2133 303 2169 fixis
326 2131 610 2179 Cuninqhamus
631 2130 895 2178 opp.Ac.Acr.
908 2131 1007 2178 Pph.
1029 2135 1066 2168 et
1085 2131 1139 2179 cf.
1155 2131 1379 2169 Hom.Il.N
1393 2134 1438 2167 88
1447 2143 1503 2179 sq.
1527 2131 1746 2169 Sen.Herc.

229 2189 306 2225 Oet.
321 2190 472 2234 12683q.
497 2189 506 2205 ‘
518 2187 611 2232 Quis
630 2189 710 2224 dies
722 2189 852 2235 fletum
869 2187 1062 2233 Herculis,
1080 2198 1180 2234 quae
1196 2192 1304 2224 terra
1318 2189 1438 2225 uidit?
1457 2189 1582 2226 siccus
1595 2198 1748 2225 aerum-

226 2255 297 2281 nas
317 2245 388 2281 tuli
395 2248 402 2258 '
482 2244 619 2281 occulis
638 2250 673 2291 ψ
773 2245 937 2281 natalicia
959 2243 980 2279 λ
1085 2245 1127 2279 19
1156 2244 1341 2293 turgidum
1361 2241 1750 2293 Επαθλαανςφδθμ,

227 2299 400 2349 σρρνπιυ)
412 2301 581 2340 Ac.Acr.
616 2300 797 2337 turbidum
817 2299 894 2336 Αλτ
907 2297 1377 2350 V[omn.Bland.]x(ahp81)
1464 2303 1509 2336 20
1527 2300 1672 2338 infamis
1692 2301 1750 2349 Αχ

226 2357 327 2404 Pph.
367 2357 520 2393 lnfames
541 2357 623 2392 rell.
719 2357 913 2405 scopulosa
934 2358 1186 2394 crocerauniae
1207 2358 1245 2394 F
1339 2358 1593 2396 acroceraunia
1611 2357 1672 2394 Au
1681 2357 1747 2395 Ac.

228 2413 338 2450 Seru.
350 2423 452 2450 cons.
463 2412 630 2458 εεῘι.λφς
657 2413 937 2450 achroceraunia
956 2424 1000 2461 τχ
1031 2414 1199 2450 ceraunia
1214 2413 1358 2460 Por-ph.
1390 2413 1462 2450 alta
1482 2414 1650 2450 ceraunia
1668 2413 1746 2450 sch.

228 2469 326 2506 Stat.
359 2470 633 2506 acrocerauniae
648 2469 735 2517 Επχ
765 2470 1020 2506 acroceraunie
1040 2468 1061 2504 λ
1136 2471 1177 2504 21
1198 2469 1445 2517 Nequicquam
1461 2469 1635 2518 ψιαχΛε.
1647 2469 1749 2507 Abho

226 2526 504 2576 Nequasssquam
525 2524 608 2571 λρν.
637 2525 862 2573 Nequiquam
880 2526 976 2571 Ppk.
1053 2529 1097 2560 22
1118 2525 1347 2562 dissociabile
1360 2525 1684 2573 youninqhamus
1697 2535 1750 2563 ex

226 2582 461 2622 coniectura,
483 2580 731 2618 dissociabiles
753 2581 959 2618 Gualterus
975 2581 1099 2618 Bentl.
1113 2581 1384 2622 Marklandus‚
1404 2582 1474 2618 sed
1487 2585 1544 2618 est
1563 2582 1748 2630 ananam,
1765 2626 1782 2634 x

226 2639 356 2685 fiyura
378 2637 545 2673 Horatio
565 2638 814 2674 usitatissima
918 2640 963 2674 23
992 2638 1110 2686 inpiae
1131 2636 1152 2672 λ
1195 2638 1304 2686 impie
1325 2637 1424 2674 Anu
1515 2649 1581 2674 uu.
1604 2637 1750 2674 25—36

228 2695 299 2730 del.
321 2693 473 2729 Peerllc.
545 2742 548 2745 η
589 2696 632 2728 25
663 2690 793 2743 audax]
826 2698 929 2730 atrox
949 2694 1138 2738 Bothus,
1166 2695 1235 2730 sed
1260 2693 1314 2741 cf.
1347 2693 1433 2730 Seu.
1455 2694 1556 2731 Med.
1578 2695 1642 2730 301
1663 2703 1746 2740 sqq.

231 2749 395 2786 ‘Audax
415 2750 571 2785 nimium
592 2750 658 2796 qui
675 2749 781 2796 freta
805 2751 958 2795 primus
978 2754 1062 2786 rate
1083 2754 1159 2785 tam
1185 2748 1323 2797 fraqili
1346 2750 1500 2797 perfida
1527 2750 1636 2796 rupit
1662 2750 1748 2787 etc.’

231 2805 327 2842 Stat.
349 2806 435 2842 silu.
457 2809 489 2846 2,
511 2807 573 2842 64:
595 2805 739 2842 Audaoe
757 2806 899 2852 inqenii
917 2810 987 2844 etc.
1070 2808 1118 2841 28
1147 2805 1330 2854 gentubus
1350 2805 1384 2841 Α
1399 2817 1465 2852 pr.
1552 2807 1596 2841 29
1625 2806 1747 2843 aethe-

230 2873 291 2899 rea
308 2873 335 2910 y
357 2860 517 2899 Seruius
536 2861 708 2898 Danielis
736 2861 873 2898 etheria
893 2874 918 2899 u
950 2862 1097 2899 caelesti
1116 2873 1165 2910 φ2
1249 2861 1358 2899 domu
1378 2862 1460 2898 Fea
