1826 3184
234 181 287 223 14
789 196 947 224 nomm
969 197 1184 226 canmnvn

434 310 500 345 aut
527 306 739 358 Ephesum,
770 307 984 347 bimarisue
1015 308 1193 348 Corinthi

344 380 510 424 moenia,
545 380 607 418 uel
637 380 791 419 Baccho
822 380 977 420 Thebas
1007 381 1071 420 uel
1100 381 1279 433 Apolline
1311 380 1483 433 Delphos

432 452 596 503 insignis
626 457 693 492 aut
721 453 908 492 Thessala
939 454 1109 505 Tempe;

343 529 436 564 sunt
466 525 610 575 quibus
640 538 763 565 unum
793 539 892 578 opus
924 532 984 565 est
1012 527 1181 565 intactae
1211 526 1379 565 Palladis
1410 526 1551 566 urbem
1722 531 1747 570 5

433 599 607 637 carmine
636 603 831 650 perpetuo
863 598 1065 639 celebrare
1097 603 1136 638 et

344 671 520 721 undique
551 671 776 723 decerptam
811 673 932 711 fronti
960 684 1208 723 praeponere
1239 672 1406 717 oliuam;

432 743 630 795 plurimus
660 746 701 783 in
731 745 892 784 Iunonis
921 744 1075 784 honore

336 821 477 871 dapium
508 817 611 856 dicet
642 819 754 868 equis
783 819 909 868 Argos
939 818 1109 869 ditisque
1139 819 1341 870 Mycenas:

431 902 495 929 me
525 903 599 929 nec
628 895 707 929 tam
736 892 891 942 patiens
919 891 1190 930 Lacedaemon
1695 897 1747 936 10

342 975 415 1002 nec
444 967 524 1002 tam
554 963 732 1003 Larissae
761 965 959 1015 percussit
989 976 1150 1016 campus
1180 965 1345 1016 opimae,

432 1047 547 1086 quam
580 1036 720 1075 domus
749 1036 947 1076 Albuneae
978 1038 1200 1076 resonantis

343 1113 381 1147 et
410 1120 602 1159 praeceps
631 1109 729 1147 Anio
760 1121 805 1148 ac
835 1109 1002 1148 Tiburni
1032 1109 1146 1149 lucus
1178 1114 1216 1149 et
1248 1109 1323 1149 uda

430 1181 642 1221 mobilibus
670 1183 849 1234 pomaria
878 1184 988 1222 riuis.

227 1318 303 1345 ΤΒΕ
311 1318 498 1345 ΤΙΜΟΝΙΔ.

318 1374 338 1404 2
363 1372 541 1405 Victor-in.
569 1373 657 1404 2615
695 1373 887 1405 Fortunat.
914 1374 1001 1406 2683
1040 1373 1193 1406 Mallius
1218 1372 1430 1406 Theodorus
1453 1375 1487 1415 4⁷
1514 1376 1557 1407 14
1647 1376 1668 1408 2
1692 1385 1746 1418 sq.

227 1417 445 1450 ‘bimarisue
463 1430 505 1438 ·—
523 1417 684 1449 moenia-⁹
711 1418 786 1450 sch.
813 1418 905 1450 Stat.
933 1418 1046 1450 Theb.
1064 1418 1135 1451 VII
1149 1420 1216 1450 420
1308 1420 1328 1451 9
1353 1418 1457 1451 Seru.
1485 1419 1532 1451 ad
1554 1420 1644 1454 Aen.
1669 1421 1687 1453 Ι
1704 1422 1749 1454 24

226 1463 279 1494 XI
302 1464 368 1495 246
453 1461 556 1494 ‘Hor.
580 1480 616 1483 —
634 1463 758 1504 posuit
783 1466 910 1505 aptum
935 1463 1038 1504 equis
1062 1463 1196 1505 Argos'
1223 1463 1298 1495 sch.
1325 1463 1418 1496 Stat.
1445 1464 1558 1497 Theb.
1584 1465 1660 1497 1111
1682 1467 1748 1498 672

319 1509 361 1540 10
385 1505 472 1539 ‘nec
502 1517 558 1539 me
590 1510 666 1539 tam
689 1508 836 1549 patiens
860 1507 1120 1541 Lacedaemon
1152 1509 1264 1550 agon'
1298 1508 1373 1541 sch.
1394 1508 1494 1542 Stat.
1520 1509 1635 1543 Theb.
1661 1510 1748 1544 VIII

226 1554 292 1585 432
386 1553 426 1584 13
453 1551 558 1585 ‘Hor.
584 1552 622 1583 in
645 1552 663 1584 I
690 1562 798 1586 carm.
826 1555 863 1584 et
887 1563 1066 1595 praeceps
1084 1571 1126 1576 --
1143 1553 1264 1585 lucus'
1289 1554 1404 1586 Prisc.
1430 1554 1482 1587 VI
1507 1555 1550 1587 16

227 1662 358 1688 VARIA
376 1661 541 1689 LEOTIO.

337 1723 359 1754 2
379 1720 541 1768 epheson
561 1717 667 1767 me
679 1718 895 1756 Victorinus
914 1721 1014 1755 2614.
1033 1720 1122 1754 2619
1151 1731 1227 1757 non
1247 1720 1316 1756 Ac.v
1403 1720 1586 1769 chorinthi
1605 1733 1635 1758 π
1664 1721 1749 1759 cho-

226 1777 313 1813 rinti
335 1776 396 1812 Fu
483 1777 503 1811 3
529 1775 666 1811 Maenia
685 1775 745 1811 Au
773 1775 889 1813 Meuia
908 1787 928 1811 τ
1013 1775 1129 1812 bacho
1151 1775 1207 1812 Αλ
1292 1779 1313 1810 4
1333 1776 1490 1825 Insignis
1510 1778 1597 1826 Απχ
1627 1777 1748 1816 Victo-

225 1834 337 1869 rinus
356 1833 447 1867 2565
477 1831 643 1880 Insignes
665 1833 747 1868 rell.
827 1832 959 1869 tessala
979 1837 1013 1879 ψ
1100 1834 1121 1866 5
1140 1833 1274 1879 incipit
1292 1834 1373 1869 cod.
1395 1845 1419 1882 y
1438 1835 1508 1870 sed
1525 1834 1640 1870 huius
1658 1845 1748 1871 car-

225 1889 337 1924 minis
357 1889 534 1925 lectiones
548 1889 741 1934 pristinae
760 1899 846 1925 cum
860 1889 1008 1935 passim
1022 1898 1151 1935 paene
1170 1890 1436 1933 euanuissent,
1458 1890 1607 1927 litteras
1626 1891 1748 1930 altero

225 1948 439 1981 atramento
468 1945 604 1980 ductas
631 1954 712 1980 esse
740 1949 907 1992 apparet
1006 1950 1062 1981 est
1083 1956 1174 1993 opus
1195 1957 1226 1992 φ
1312 1946 1445 1982 intacte
1465 1946 1515 1982 A1
1600 1943 1744 1997 urbem]

225 2012 324 2039 arces
346 2012 397 2047 uy
407 2001 534 2036 Bentl.
567 2011 684 2036 arcem
702 2012 729 2047 y
746 2013 834 2047 opp.
853 2002 942 2037 Aer.
964 2005 1000 2037 et
1019 2001 1127 2050 sck.y
1226 2013 1290 2037 uu.
1312 2004 1334 2036 6
1353 2013 1411 2049 sq.
1433 2003 1505 2039 del.
1528 2002 1681 2041 Peerlk.
1739 2034 1742 2035 γ

224 2060 246 2093 6
267 2057 472 2094 caelebrare
493 2057 556 2092 Απ
648 2059 679 2092 6.
702 2060 721 2090 7
752 2062 789 2093 et
809 2053 987 2106 undique]
1017 2057 1174 2105 indeque
1203 2058 1421 2094 Bouhierus
1506 2062 1526 2093 7
1555 2059 1747 2108 decerptae

226 2113 346 2158 frondi
366 2113 557 2149 Erasmus
663 2113 850 2159 [Vndique
871 2113 1078 2158 decerptam
1098 2113 1222 2147 frondi
1245 2125 1473 2160 praeponere
1494 2114 1625 2150 oliuam
1644 2117 1746 2151 codd.

225 2170 301 2213 Cn]
417 2170 597 2206 decertam
617 2168 680 2217 γλι
724 2169 876 2218 decepta
894 2180 931 2205 ri
1045 2181 1246 2218 preponere
1266 2170 1326 2219 Αγ
1440 2170 1556 2207 oleam
1575 2171 1745 2208 Fucorr.

225 2227 357 2263 oletam
378 2224 487 2262 λααν.
593 2227 615 2260 8
643 2225 810 2262 Plurimis
831 2231 928 2273 appr.
967 2225 1150 2262 Plurimus
1169 2238 1189 2262 τ
1293 2227 1431 2263 honore
1455 2227 1748 2275 Oudendorpius

224 2282 421 2329 Hauptius
439 2281 591 2318 Peerlk.
627 2283 736 2318 cuius
764 2283 930 2319 adnotat.
959 2283 1036 2319 uid.
1086 2283 1261 2319 honorem
1283 2280 1326 2318 ,Ω
1345 2283 1436 2319 Acr.
1458 2289 1496 2320 et
1513 2284 1622 2333 sclay
1640 2283 1746 2322 sch.)-

327 2340 349 2373 9
379 2338 475 2375 dicet
503 2337 669 2384 λπτφιιίῖ
691 2338 854 2376 Seru.D.
878 2339 930 2374 ad
948 2338 1041 2374 Aen.
1063 2339 1077 2374 1
1107 2340 1194 2375 item
1213 2350 1255 2388 72
1278 2335 1329 2388 (γι
1349 2339 1520 2387 euanuit)
1570 2340 1658 2378 dicit
1676 2341 1747 2391 Αψ

223 2395 290 2431 Ac.
314 2395 414 2441 Ppk.
438 2394 549 2431 Seru.
576 2395 640 2432 alt.
663 2395 686 2430 l.
793 2395 878 2431 ditis
898 2394 964 2431 Ac.
1003 2395 1096 2431 dites
1117 2393 1160 2431 ,Ω
1264 2396 1422 2432 micenas
1442 2395 1615 2445 Awavu
1701 2397 1749 2432 10

224 2462 291 2487 nec
311 2462 367 2487 me
387 2451 466 2487 sch.
490 2450 585 2488 Stat.
671 2452 818 2499 paciens
838 2451 872 2487 Α
958 2451 1166 2488 lacedemon
1188 2451 1295 2499 Fyvu
1315 2452 1382 2488 Ac.
1485 2454 1526 2487 11
1547 2453 1675 2490 larisse
1694 2451 1746 2489 A1

309 2506 533 2552 [⁴percussit.
555 2508 603 2541 sic
621 2508 754 2553 legitur
769 2509 805 2542 in
821 2509 980 2543 omnibus
995 2509 1134 2553 scriptis
1149 2508 1238 2542 cod.'
1258 2508 1335 2552 Cr.]
1451 2510 1570 2557 opime
1590 2510 1646 2546 Ai-

224 2566 266 2599 12
287 2563 438 2599 albunee
458 2574 484 2598 u
584 2569 797 2622 resonantes
819 2565 945 2611 Frrpr.
1048 2565 1091 2599 13
1120 2565 1228 2600 lectio
1245 2565 1412 2611 pristina
1432 2575 1548 2602 erasa
1567 2567 1607 2602 in
1627 2572 1663 2614 ψ

222 2644 273 2678 Ac
292 2642 458 2678 tiburtini
488 2621 636 2689 (tibur‘ni
656 2639 697 2692 π)
727 2642 830 2679 lucus
859 2648 894 2679 et
914 2654 1067 2691 preceps
1098 2639 1221 2691 (pceps
1242 2642 1284 2693 π)
1314 2643 1396 2680 anio
1419 2649 1455 2680 et
1475 2644 1545 2680 uda
1571 2655 1623 2680 πτ
1709 2633 1746 2681 et

222 2694 414 2747 praeceps]
436 2697 617 2746 Epreceps
637 2709 696 2747 72,
717 2709 757 2747 γι
778 2701 936 2735 euanuit
1027 2695 1090 2748 Et]
1111 2701 1163 2735 Ac
1183 2699 1221 2735 F
1237 2711 1324 2746 opp.
1346 2699 1414 2736 Ac.
1515 2711 1668 2748 preceps
1689 2700 1745 2736 Ατ

221 2766 348 2804 preces
369 2754 389 2789 λ
465 2750 524 2803 ac]
547 2759 583 2791 et
598 2755 655 2802 Εχ
727 2755 844 2791 tiburi
861 2757 970 2793 lucus
991 2760 1027 2792 et
1047 2767 1077 2802 φ
1144 2755 1282 2792 tiburni
1303 2755 1496 2804 Amyntac:
1509 2755 1743 2801 V[4Btand.]

222 2824 243 2860 χ
256 2812 346 2848 Aer.
363 2810 510 2856 Porph.
531 2810 650 2847 sch.F
662 2811 786 2848 Prisc.
825 2812 991 2848 tiburtini
1012 2808 1497 2861 mcorr.x(9)sch.k(natum
1517 2821 1569 2848 ex
1586 2811 1742 2863 celasti.)

222 2868 351 2905 tiburti
378 2862 608 2915 ipzxspcssfflm
629 2867 710 2915 tyb:
728 2864 768 2917 p)
885 2871 930 2903 14
968 2869 1131 2917 pomeria
1157 2864 1434 2918 ταπ2φ2χ(μυ),ι]
1482 2870 1552 2906 sed
1575 2869 1741 2918 pomaria
