1846 3216
196 188 277 230 190
676 180 681 186 ’
775 199 933 228 nonA‘ri
952 199 1122 227 EPODON

363 311 483 365 dapes
512 312 707 366 inemptas
738 315 920 364 apparet:

305 399 386 427 non
415 399 479 426 me
509 385 679 426 Lucrina
707 386 883 424 iuuerint
913 382 1116 436 conchylia

363 461 539 511 magisne
569 458 760 499 rhombus
790 462 858 498 aut
887 460 1000 503 scari,
1656 458 1710 498 50

308 535 341 574 si
371 545 470 585 quos
499 533 592 573 Eois
620 534 795 572 intonata
824 531 1011 571 fluctibus

363 607 517 659 hiemps
547 606 595 646 ad
624 605 700 645 hoc
729 608 861 645 uertat
890 616 1020 650 mare;

306 693 387 720 non
416 681 508 720 Afra
538 680 622 719 auis
652 678 865 719 descendat
892 679 933 717 in
966 681 1146 718 uentrem
1174 688 1321 722 meum,

365 767 442 794 non
473 757 629 804 attagen
659 752 815 792 Ionicus

305 827 528 873 iucundior,
562 838 679 877 quam
709 826 811 865 lecta
841 825 889 864 de
919 824 1188 877 pinguissimis
1657 827 1710 866 55

365 901 468 941 oliua
497 901 617 940 ramis
648 899 847 945 arborum,

308 979 375 1014 aut
404 973 527 1014 herba
547 972 695 1025 lapathi
724 976 836 1024 prata
866 971 1032 1011 amantis
1063 975 1102 1009 et
1129 971 1243 1021 graui

363 1048 516 1087 maluae
546 1046 725 1086 salubres
755 1045 927 1096 corpori,

307 1122 373 1161 uel
404 1133 502 1173 agna
531 1121 643 1160 festis
674 1131 788 1159 caesa
818 1116 1110 1158 Terminalibus

363 1195 429 1235 uel
460 1194 609 1234 haedus
640 1197 801 1245 ereptus
830 1192 936 1244 lupo.
1660 1194 1714 1235 60

308 1269 378 1309 has
406 1270 510 1308 inter
541 1267 677 1320 epulas
707 1271 752 1307 ut
781 1267 892 1306 iuuat
919 1270 1052 1318 pastas
1081 1265 1168 1304 ouis

364 1342 502 1382 uidere
533 1341 784 1395 properantis
816 1340 990 1385 domum,

308 1416 447 1456 uidere
477 1416 604 1455 fessos
634 1426 839 1454 uomerem
870 1414 1076 1453 inuersum
1107 1411 1232 1452 boues

297 1480 307 1489 ’
364 1489 464 1529 collo
494 1488 687 1529 trahentis
716 1487 914 1539 languido,

307 1564 541 1616 positosque
572 1574 728 1607 uernas,
761 1561 852 1601 ditis
883 1573 1049 1600 examen
1080 1559 1234 1605 domus,
1659 1561 1712 1604 65

364 1638 515 1676 circum
546 1635 763 1675 renidentis
791 1634 920 1674 lares.’

309 1710 405 1750 haec
436 1709 504 1749 ubi
532 1709 689 1749 locutus
718 1709 919 1748 fenerator
948 1707 1081 1753 Alfius,

363 1785 441 1824 iam
471 1784 549 1823 iam
578 1783 737 1823 futurus
766 1783 951 1827 rusticus,

197 1967 468 1996 TESTIMONIA.

285 2034 329 2066 48
354 2032 572 2065 ‘hortorum.
592 2054 599 2062 .
619 2055 626 2063 .
647 2040 766 2072 aeque
800 2040 923 2062 curam
954 2030 1143 2073 suscipere
1174 2028 1336 2070 debebit,
1369 2030 1410 2060 ut
1441 2031 1478 2061 et
1509 2027 1717 2070 quotidiani

196 2078 319 2111 uictus
345 2078 401 2110 sui
425 2077 525 2110 leuet
543 2078 724 2119 sumptum
743 2078 780 2108 et
797 2075 1012 2108 aduenienti
1029 2075 1175 2108 domino
1192 2075 1382 2117 praebeat,
1409 2073 1504 2115 quod
1520 2074 1575 2106 ait
1590 2076 1713 2116 poeta,

196 2125 380 2166 inemptas
405 2123 500 2155 ruris
525 2122 649 2165 dapes'
675 2120 882 2154 Columella
907 2120 950 2152 de
975 2130 1014 2153 re
1039 2120 1166 2153 rustic.
1185 2119 1237 2152 XI
1261 2121 1281 2152 3
1372 2120 1506 2152 49—52
1530 2118 1713 2151 Priscian.

195 2169 304 2202 VIIII
329 2170 372 2201 37
396 2168 450 2200 XI
473 2169 517 2201 34
608 2168 651 2200 63
676 2176 730 2208 sq.
757 2166 858 2199 Seru.
884 2165 931 2198 ad
955 2165 1024 2199 ecl.
1049 2167 1082 2207 2,
1107 2166 1149 2197 66

194 2362 323 2391 VARIA
340 2362 506 2389 LEOTIO.
746 2357 774 2381 ο

309 2432 353 2465 49
372 2442 446 2467 non
467 2427 540 2480 me]
563 2430 734 2478 Nonne-u
821 2428 998 2466 conchilia
1019 2427 1079 2464 Au
1191 2429 1236 2463 50
1254 2426 1403 2464 rombus
1423 2425 1506 2476 Fyk
1595 2426 1715 2463 scauri
1741 2459 1744 2463 .

137 2480 145 2487 ’
197 2487 442 2534 λα.να.ς.απ2χ
555 2499 619 2522 uu.
642 2488 696 2522 51.
718 2488 762 2520 52
783 2486 854 2521 del.
876 2484 1027 2521 PeerlIc.
1147 2487 1192 2520 52
1220 2484 1341 2520 Hiems
1362 2483 1395 2519 A
1515 2484 1628 2519 uertit
1647 2483 1715 2519 ali-

197 2548 286 2592 quot
306 2544 413 2580 codd.
436 2543 639 2579 Prisciani.
670 2547 795 2578 uerrat
815 2542 863 2578 N.
886 2541 1068 2577 Heinsius
1194 2543 1239 2576 54
1259 2545 1390 2589 atagen
1410 2551 1465 2576 πα
1595 2541 1640 2573 55
1659 2539 1714 2575 lo-

199 2601 350 2638 cundior
369 2611 395 2635 u
453 2599 546 2635 lecta
567 2599 610 2635 de
631 2599 895 2648 pinguissimis]
917 2598 990 2653 leta
1011 2598 1239 2646 deposcimus
1256 2596 1301 2639 Α,
1322 2608 1423 2633 corr.
1445 2596 1510 2632 alt.
1532 2606 1581 2631 m.
1668 2598 1713 2630 57

197 2658 308 2706 lapati
326 2668 352 2693 u
381 2656 518 2701 laphati
533 2656 622 2703 Fyn
706 2657 751 2690 59
772 2667 852 2693 cesa
872 2667 923 2704 γα
998 2655 1044 2690 60
1062 2653 1175 2690 hedus
1194 2653 1322 2689 AFnu
1351 2653 1440 2689 edus
1459 2664 1483 2701 γ
1541 2652 1714 2700 hereptus

199 2715 231 2750 A
330 2715 372 2748 61
391 2712 518 2766 epulas
538 2712 575 2747 F
597 2712 750 2760 aepulas
771 2711 792 2747 λ
869 2707 928 2761 ut]
952 2716 988 2748 et
1007 2723 1032 2760 γ
1104 2720 1191 2747 oues
1211 2709 1360 2759 AFynzu
1450 2710 1497 2743 62
1517 2715 1715 2758 properan-

198 2771 246 2807 tis
267 2781 296 2806 π
316 2773 553 2818 properantes
573 2772 659 2806 cett.
683 2769 826 2805 domum
848 2772 1085 2817 properantes
1106 2778 1131 2803 u
1245 2768 1291 2801 64
1311 2765 1486 2802 trahentis
1506 2761 1609 2814 χ(μρ)
1644 2769 1714 2801 tra-

201 2828 327 2863 hentes
350 2824 393 2861 ,Ω
469 2827 513 2861 66
532 2825 731 2862 renidentis
752 2822 883 2876 πχ(μρ>
916 2824 1121 2861 renidentes
1141 2826 1226 2860 cett.
1313 2824 1357 2858 67
1379 2821 1585 2859 foenerator
1603 2833 1628 2870 γ

200 2884 349 2933 alpheus
370 2878 471 2933 αχ(ρ)
502 2882 654 2931 Alphius
674 2881 824 2918 Peerlk.
846 2882 963 2918 citato
991 2880 1209 2928 Wesselinq.
1231 2880 1278 2916 cle
1297 2871 1386 2916 lica.
1408 2875 1517 2916 arch.
1537 2889 1628 2926 pay.
1650 2878 1695 2912 89
