1852 3184
240 159 268 203 2
804 174 961 202 nomn
982 174 1197 203 cmmvu

354 285 560 336 collegisse
589 286 711 331 iuuat,
742 291 926 336 metaque
956 286 1121 325 feruidis

356 359 501 398 euitata
530 360 630 398 rotis
659 358 868 411 palmaque
898 359 1041 398 nobilis
1735 365 1759 403 5

355 436 554 471 terrarum
585 432 765 471 dominos
797 432 929 471 euehit
959 432 1006 471 ad
1037 432 1151 476 deos;

352 503 471 551 hunc,
503 506 537 544 si
567 505 772 544 mobilium
800 505 917 544 turba
947 504 1158 551 Quiritium

354 582 482 617 certat
509 579 741 629 tergeminis
771 577 912 616 tollere
942 577 1180 621 honoribus;

353 651 477 696 illum,
511 653 545 691 si
574 652 738 703 proprio
771 650 944 690 condidit
973 649 1119 688 horreo

355 724 541 775 quicquid
573 724 621 762 de
651 723 806 775 Libycis
836 724 1013 762 uerritur
1041 724 1154 761 areis.
1708 726 1760 766 10

354 797 591 848 gaudentem
620 797 770 848 patrios
799 796 949 836 findere
980 795 1135 835 sarculo

355 882 472 921 agros
501 870 677 909 Attalicis
709 868 1006 908 condicionibus

352 955 569 994 numquam
599 943 821 987 dimoueas,
853 946 897 981 ut
928 941 1038 981 trabe
1069 942 1209 994 Cypria

352 1017 549 1068 Myrtoum
578 1016 748 1067 pauidus
777 1019 896 1054 nauta
927 1019 1034 1054 secet
1063 1027 1193 1054 mare:

353 1089 568 1128 luctantem
598 1089 734 1127 Icariis
763 1087 950 1127 fluctibus
979 1088 1154 1126 Africum
1709 1093 1760 1131 15

353 1166 551 1201 mercator
581 1165 764 1200 metuens
794 1161 919 1199 otium
950 1164 989 1199 et
1018 1160 1152 1211 oppidi

353 1234 486 1274 laudat
516 1247 612 1274 rura
642 1235 722 1273 sui:
754 1246 847 1272 mox
876 1234 1004 1272 reficit
1033 1234 1130 1272 ratis

356 1319 531 1358 quassas,
562 1306 743 1346 indocilis
772 1307 1004 1358 pauperiem
1035 1307 1127 1358 pati.

357 1385 417 1420 est
447 1382 515 1431 qui
544 1393 618 1419 nec
648 1381 798 1419 ueteris
827 1379 969 1431 pocula
998 1379 1154 1418 Massici

355 1466 429 1493 nec
458 1458 613 1505 partem
644 1453 768 1492 solido
800 1452 961 1491 demere
992 1452 1040 1491 de
1071 1452 1133 1490 die
1710 1455 1763 1496 20

356 1527 520 1578 spernit,
553 1538 659 1565 nunc
688 1526 808 1565 uiridi
837 1525 1016 1564 membra
1047 1525 1120 1565 sub
1151 1524 1291 1564 arbuto

247 1685 516 1713 TESTIMONIA.

333 1752 356 1783 4
373 1756 429 1793 sq.
455 1749 645 1791 ‘metaque
661 1767 706 1771 —
721 1750 827 1781 rotis’
860 1747 1011 1781 Seruius
1037 1748 1084 1781 ad
1107 1748 1197 1781 Aen.
1222 1749 1276 1781 XI
1301 1750 1365 1782 195
1459 1751 1499 1783 13
1517 1760 1573 1792 sq.
1596 1750 1766 1783 Donatus

245 1795 641 1874 {dgrgellfflitssadehm'
667 1794 704 1827 ΙΙ
728 1796 760 1837 2,
785 1795 827 1826 22
958 1795 999 1825 21
1026 1803 1078 1835 sq.
1117 1793 1297 1827 ‘membra
1314 1812 1353 1817 —
1374 1797 1528 1827 stratus'
1559 1795 1694 1838 Porph.
1719 1795 1767 1828 ad

343 1866 351 1874 ⁸
444 1866 453 1883 5

244 1989 373 2017 VARIA
391 1988 555 2015 LEOTIO.

358 2060 380 2091 4
409 2062 528 2093 moeta
555 2068 575 2092 τ
689 2058 710 2090 5
739 2056 865 2092 Euiata
888 2056 919 2091 A
969 2054 1002 2092 &
1023 2057 1136 2091 uitata
1157 2056 1193 2091 B
1242 2056 1272 2091 si
1304 2057 1416 2092 uitata
1446 2056 1645 2104 Withofius
1743 2057 1766 2091 6

246 2114 402 2152 euehere
422 2113 620 2149 Bentleius
734 2123 826 2160 quae
853 2112 976 2148 euehit
1003 2112 1226 2147 Hamaeher
1339 2124 1404 2148 uu.
1434 2114 1558 2148 7—10
1583 2114 1654 2149 del.
1677 2113 1766 2149 Lin-

245 2170 364 2207 lcerus
449 2173 469 2204 7
490 2168 666 2205 nobilium
686 2165 925 2217 n(superscr.
942 2167 1563 2217 m)vuA2Buar.l2q>2g[‘mobilium.
1579 2165 1768 2204 dehabent

246 2230 268 2261 4
284 2228 386 2261 codd.
402 2226 596 2261 Blandinii.
628 2226 755 2269 reliqui
770 2224 961 2258 nobilium'
980 2225 1168 2269 Cruquius]
1199 2230 1302 2263 necle
1322 2226 1435 2261 etiam
1458 2224 1488 2261 G
1508 2225 1599 2262 Acr.
1620 2225 1765 2272 Porpk.

245 2283 368 2319 sch.F
480 2282 653 2330 quiritum
674 2281 711 2316 B
824 2283 845 2316 8
875 2281 996 2317 Certet
1016 2293 1065 2330 αχ
1178 2292 1242 2316 uu.
1265 2282 1297 2316 9.
1321 2283 1364 2316 10
1383 2282 1456 2317 del.
1477 2280 1630 2317 Peerlk.
1725 2282 1768 2316 10

247 2339 364 2375 libicis
385 2338 569 2385 ΑΒτφρν.
614 2337 743 2386 lybicis
765 2336 958 2383 λψφσονν.
1076 2339 1118 2372 12
1147 2344 1168 2373 a
1190 2336 1306 2373 talicis
1327 2337 1364 2372 B
1405 2337 1542 2374 atalicis
1561 2349 1587 2374 u
1680 2348 1767 2374 cou-

249 2394 446 2432 ditionibus
465 2394 578 2432 Αλπιι
684 2395 726 2429 13
746 2393 935 2442 Nunquam
956 2394 1027 2441 Βψ
1141 2393 1334 2430 demoueas
1354 2393 1424 2429 Bm
1453 2393 1656 2440 [dimoueas
1671 2406 1766 2429 omn.

248 2454 348 2487 codd.
367 2452 523 2496 cruquii]
612 2451 723 2498 cipria
743 2450 776 2486 A
796 2452 861 2486 Ac.
884 2451 975 2487 Aer.
1008 2461 1137 2498 cyprea
1158 2450 1255 2496 Pph.
1287 2450 1356 2486 sed
1375 2450 1509 2498 cypriis
1531 2446 1599 2499 (=
1617 2449 1767 2498 cupi-iis)

247 2508 392 2554 Porph.
413 2509 474 2544 εἶτ.
497 2506 627 2543 Acr.I
650 2516 743 2542 uero
764 2506 893 2554 Cypria
912 2508 1046 2553 leyisse
1061 2507 1260 2553 putandus
1278 2510 1335 2542 est
1419 2508 1463 2541 14
1489 2506 1657 2543 Mirtoum
1678 2507 1767 2543 Anu

248 2564 386 2612 Myrtor‘
406 2564 442 2599 B
550 2559 721 2612 pauidus]
745 2563 906 2599 trabibus
927 2563 965 2599 B
993 2563 1195 2611 impauidus
1216 2561 1369 2599 Peerlk.
1486 2565 1526 2598 15
1556 2563 1676 2599 icariis
1695 2562 1769 2599 AB

250 2621 378 2655 ieareis
399 2619 533 2656 Ρλπτα
629 2619 791 2655 affrieum
811 2631 831 2654 τ
936 2621 980 2655 16
1006 2620 1205 2656 Maeroator
1225 2618 1247 2654 λ
1351 2620 1470 2655 ocium
1489 2623 1524 2665 ψ
1628 2619 1728 2668 opidi
1747 2631 1768 2660 τ

335 2677 375 2710 17
406 2676 528 2712 laudat
547 2680 625 2712 tuta
647 2675 920 2712 sui‘Acz‘dalz’us
940 2680 976 2711 et
995 2671 1119 2712 Bentlss
1158 2675 1212 2722 cf.
1233 2685 1328 2711 mus.
1350 2675 1473 2712 Rhen.
1497 2676 1596 2716 1863,
1617 2677 1681 2711 271

250 2732 327 2767 ruri
349 2731 397 2767 A1
510 2733 599 2768 ratis
622 2731 642 2767 λ
655 2743 717 2778 pr.
740 2743 762 2780 χ
790 2737 886 2768 rates
907 2736 991 2768 cett.
1107 2734 1152 2766 20
1182 2732 1284 2768 dedic
1304 2731 1500 2780 ABmpx:
1532 2732 1618 2774 sed,
1651 2741 1767 2778 quae-

250 2798 410 2834 cumque
437 2788 653 2825 huiusmodi
677 2789 716 2824 in
744 2789 935 2825 codicibus
962 2789 1067 2826 nobis
1093 2793 1365 2831 occurrerunt,
1395 2799 1471 2825 non
1498 2788 1769 2835 descripsimus

335 2846 377 2878 21
400 2843 547 2880 menbra
566 2844 651 2891 λψιι
