1826 3184
217 163 271 205 26
383 156 386 162 ¹
779 177 935 205 HORATI
957 178 1171 206 CARMINVM

330 301 422 333 non,
455 289 488 328 si
518 300 581 328 me
611 289 705 328 satis
736 289 883 334 audias,
934 284 935 287 '

387 374 524 414 speres
554 366 790 414 perpetuum
823 362 950 402 dulcia
980 361 1149 402 barbare

330 434 551 475 laedentem
583 436 728 481 oscula,
762 447 862 487 quae
896 437 1028 474 Venus
1683 436 1733 475 15

387 510 522 560 quinta
551 514 663 561 parte
693 510 755 548 sui
784 509 956 548 nectaris
985 507 1136 547 imbuit.

330 582 464 622 felices
493 587 554 622 ter
586 587 624 622 et
655 582 833 634 amplius,

388 667 486 706 quos
514 657 673 707 inrupta
705 660 811 695 tenet
841 654 980 707 copula
1010 667 1083 694 nee
1114 653 1225 694 malis

332 729 508 768 diuolsus
539 729 795 780 querimoniis

387 814 572 856 suprema
603 803 718 842 citius
747 801 877 841 soluet
906 814 1016 841 amor
1046 801 1119 840 die.
1683 802 1756 847 20*

908 995 1046 1033 XIIII

332 1073 363 1112 Ο
394 1074 519 1118 nauis,
551 1073 728 1112 referent
757 1073 798 1111 in
828 1084 938 1111 mare
968 1076 1007 1111 te
1036 1072 1131 1111 noui

331 1146 488 1186 fluctus.
532 1159 554 1185 o
586 1146 678 1197 quid
712 1147 819 1197 agis?
851 1146 1007 1185 fortiter
1038 1157 1187 1197 occupa

386 1224 559 1272 portum.
602 1232 733 1258 nonne
763 1219 876 1258 uides
908 1223 949 1258 ut

439 1293 589 1332 nudum
619 1293 783 1343 remigio
813 1292 927 1337 latus,

332 1370 371 1406 et
400 1366 526 1406 malus
557 1366 676 1406 celeri
706 1367 862 1405 saucius
891 1366 1022 1405 Africo
1711 1369 1735 1408 5
1799 1401 1802 1404 .

331 1444 618 1491 antemnaeque
648 1443 820 1490 gemant,
853 1451 897 1478 ac
928 1440 1012 1479 sine
1041 1438 1203 1478 funibus

219 1587 486 1616 TESTIMONIA.

307 1643 326 1675 I
343 1643 395 1675 14.
446 1643 533 1675 1—3
558 1637 782 1685 ιοἶλληγγοριίκ
818 1651 927 1684 quam
950 1641 1197 1674 inuersionem
1220 1642 1523 1683 interpretantur,
1548 1643 1614 1674 aut
1636 1639 1739 1674 aliud

218 1688 359 1729 uerbis,
391 1687 492 1720 aliud
516 1697 626 1720 sensu
651 1686 829 1730 ostendit,
862 1690 926 1720 aut
957 1687 1068 1719 etiam
1098 1686 1245 1719 interim
1271 1687 1505 1719 contrarium.
1553 1686 1654 1728 prius
1677 1688 1736 1718 ut:

219 1744 239 1766 o
264 1733 373 1766 nauis
397 1733 559 1771 referent
574 1750 618 1755 —
633 1734 778 1775 portum
801 1734 974 1774 totusque
999 1731 1064 1764 ille
1088 1732 1236 1764 Horatii
1257 1731 1380 1773 loeus,
1418 1741 1491 1773 quo
1516 1741 1649 1764 nauem
1671 1741 1736 1773 pro

216 1779 426 1820 republica,
457 1778 590 1811 fluctus
616 1780 653 1810 et
676 1779 919 1820 tempestates
942 1787 1007 1820 pro
1030 1777 1142 1810 bellis
1167 1776 1358 1818 ciuilibus,
1389 1779 1532 1819 portum
1555 1787 1620 1819 pro
1643 1786 1737 1818 pace

219 1826 332 1865 atque
358 1823 555 1856 concordia
579 1822 685 1855 dieit’
727 1822 880 1864 Quintil.
904 1823 988 1856 inst.
1012 1822 1101 1855 VIII
1124 1823 1156 1863 6,
1181 1823 1226 1854 44
1341 1823 1358 1853 1
1384 1831 1438 1863 sq.
1470 1820 1509 1854 ‘0
1528 1839 1570 1844 -—
1586 1821 1737 1853 fluetus'

218 1869 295 1901 seh.
322 1868 416 1901 Stat.
434 1869 550 1901 Theb.
568 1868 586 1901 I
604 1869 668 1901 193
762 1869 779 1900 1
807 1867 960 1909 ‘quarta
984 1867 1126 1900 decima
1149 1866 1234 1900 ode:
1260 1877 1280 1899 o
1298 1884 1341 1889 —
1357 1867 1462 1899 noui‘
1485 1865 1653 1900 Diomed.
1671 1866 1735 1898 521

286 1914 307 1946 5
332 1914 434 1946 Seru.
453 1913 500 1946 ad
516 1913 606 1947 Aen.
623 1914 656 1947 V
671 1913 737 1947 487
830 1915 918 1946 6—9
945 1913 953 1929 ‘
965 1922 1010 1945 ac
1030 1929 1066 1935 —
1089 1912 1242 1954 aequor'
1269 1911 1372 1945 Seru.
1398 1911 1444 1944 ad
1461 1910 1551 1945 Aen.
1565 1911 1656 1944 VIII
1670 1912 1737 1945 57⁷

219 2050 344 2079 VARIA
366 2050 528 2078 LEGTIO.

332 2116 375 2149 13
407 2114 530 2150 audies
550 2125 594 2162 γτ
712 2115 752 2148 15
780 2113 974 2149 Ledentem
993 2111 1159 2161 AFykvu
1264 2122 1336 2159 que
1355 2123 1375 2147 τ
1481 2113 1524 2146 16
1553 2111 1691 2156 Quanta
1709 2121 1736 2158 y

219 2171 331 2207 multa
352 2170 562 2207 Paldamus
638 2169 755 2206 inbuit
775 2181 801 2205 u
887 2171 930 2204 18
950 2170 1091 2217 irrupta
1111 2168 1346 2217 ABywcorr.
1435 2169 1477 2202 19
1495 2167 1737 2216 Diuolsusque

218 2227 466 2276 prementibus
509 2236 555 2262 π1
574 2225 767 2263 εεῘι.λααν.
789 2226 995 2273 εσὴψιιαν.
1024 2221 1085 2274 x&
1112 2225 1357 2261 Graeuianus
1383 2225 1466 2260 sim.
1495 2225 1577 2261 eod.
1607 2224 1737 2260 Peerl-

219 2279 362 2332 kampi)
476 2282 645 2319 Diuulsus
666 2282 785 2319 ABvu
833 2282 1000 2318 Diuolsos
1020 2281 1197 2318 Muretus
1217 2285 1255 2317 et
1273 2281 1397 2317 Bentl.
1430 2279 1613 2325 [diuolsus
1632 2281 1736 2316 codd.

218 2341 368 2384 Bland.]
458 2339 696 2387 querimoniis
716 2351 735 2374 τ
782 2339 1024 2387 queremoniis
1045 2337 1169 2385 λ1ῳψ2
1216 2337 1420 2374 cerimoniis
1441 2336 1479 2372 B
1580 2338 1626 2372 20
1645 2336 1737 2385 Sup-

217 2398 295 2446 fnna
316 2408 341 2433 u
428 2395 540 2432 soluit
558 2407 582 2443 y
596 2395 870 2442 prob.Peerllc.

331 2453 386 2489 AD
406 2452 710 2489 REMPVBLICAM
741 2450 1024 2488 TETRACOLOS
1044 2450 1113 2487 ΑΒ
1150 2449 1420 2487 PARANETICE
1452 2448 1736 2486 TETRACOLOS

219 2521 274 2557 AD
295 2519 469 2557 BRVTVM
488 2518 545 2555 Fa
601 2519 657 2555 AD
684 2519 833 2556 NAVEM
859 2519 991 2556 MARCI
1015 2518 1142 2555 BRVTI
1174 2517 1430 2555 REPARANTE
1469 2516 1642 2554 BELLVM
1679 2517 1737 2554 Cl-

219 2577 316 2613 VlLE
337 2589 361 2625 y
418 2577 534 2612 inser.
557 2586 628 2612 om.
649 2587 673 2611 τ.
785 2578 801 2609 1
834 2576 998 2612 referunt
1015 2585 1043 2621 y
1063 2573 1180 2622 (Feae
1199 2573 1272 2610 An.
1292 2573 1338 2622 Α)
1369 2573 1528 2611 reserent
1546 2574 1587 2610 in
1606 2583 1686 2611 ras.
1706 2583 1737 2612 π

220 2630 410 2680 (test.Ac.)
498 2633 518 2665 5
540 2628 595 2682 et]
617 2643 685 2668 nec
706 2631 866 2668 Seruius
951 2632 1094 2667 saucius
1114 2627 1257 2681 Africo]
1279 2630 1392 2667 africo
1415 2630 1558 2667 saucius
1579 2628 1600 2665 λ
1634 2633 1735 2666 actus

220 2689 332 2725 africo
355 2689 484 2736 Fymx
519 2687 656 2725 fractus
677 2687 720 2724 ab
740 2688 862 2724 Africo
884 2687 1156 2724 Broulckusius
1260 2686 1383 2723 affrico
1404 2697 1452 2723 τα
1555 2687 1578 2721 6
1605 2686 1735 2722 Autem

248 2755 364 2799 neque
385 2756 415 2790 φ
445 2745 574 2780 Antem
594 2755 713 2792 neque
733 2743 806 2790 λψι
836 2745 1015 2800 AntEneq.
1038 2743 1095 2780 Bt
1125 2745 1371 2791 Antempneq:
1392 2754 1418 2779 u
1494 2745 1645 2790 gemunt
1662 2753 1736 2789 my

222 2800 449 2852 (complures
468 2810 555 2836 mss.
577 2801 684 2848 apud
701 2800 854 2837 Iam'um
875 2805 910 2837 et
931 2799 1139 2847 Combeum)
1157 2812 1187 2836 ω
1207 2800 1288 2835 Fea
1375 2794 1435 2849 ac]
1458 2799 1527 2834 iam
1546 2798 1735 2836 Μαλθο-

220 2859 374 2896 reatina
393 2858 480 2894 1482
500 2856 580 2895 Fea
665 2855 795 2895 finibus
816 2856 854 2894 B
