1826 3204
228 162 283 203 48
419 198 422 202 .
789 174 949 202 HORATI
969 175 1183 203 CARMINVM

342 298 486 339 sperne
517 285 699 325 dilectam
729 286 885 339 Cypron
915 290 954 325 et
983 287 1161 326 uocantis

340 364 429 399 ture
458 364 497 399 te
526 358 651 399 multo
682 359 870 411 Glycerae
900 359 1085 399 decoram

428 433 599 472 transfer
628 433 669 472 in
700 432 850 472 aedem.

338 506 516 545 feruidus
546 510 677 544 tecum
707 517 808 556 puer
840 509 878 543 et
906 504 1044 543 solutis
1549 491 1551 493 ¹
1717 511 1742 550 5

338 578 494 618 Gratiae
523 580 632 618 zonis
661 569 957 630 properentq‘ue
986 576 1188 629 Nymphae

340 657 380 690 et
408 664 550 703 parum
581 652 703 690 comis
733 651 818 690 sine
848 656 887 690 te
917 651 1104 690 quentas

426 725 738 775 Mercuriusque.

900 905 1054 943 XXXI

337 981 437 1028 Quid
468 981 690 1020 dedic-atum
720 982 847 1033 poscit
876 981 1115 1033 Apollinem,

335 1055 470 1094 uates?
503 1054 596 1104 quid
627 1058 714 1093 orat
742 1054 791 1092 de
819 1058 957 1106 patera
986 1066 1131 1093 nouom

390 1127 561 1166 fundens
589 1126 811 1177 liquorem?
840 1140 920 1166 non
951 1128 1105 1179 opimae

443 1200 646 1240 Sardiniae
676 1205 831 1251 segetes
859 1201 1022 1246 feraces,

333 1285 414 1312 non
444 1277 651 1312 aestuosae
681 1278 791 1323 grata
821 1273 1022 1312 Calabriae
1712 1279 1737 1318 5

333 1352 522 1391 armenta,
554 1358 633 1385 non
664 1358 804 1385 aurum
834 1350 902 1385 aut
931 1345 1030 1386 ebur
1059 1346 1250 1392 Indicum,

388 1432 469 1459 non
499 1432 592 1459 rura
624 1430 724 1469 quae
754 1419 856 1458 Liris
887 1420 1019 1469 quieta

440 1492 596 1531 mordet
626 1503 725 1543 aqua
756 1493 976 1532 taciturnus
1006 1493 1143 1532 amnis.

330 1570 513 1617 premant
545 1565 686 1605 Calena
716 1564 816 1604 falce
848 1565 990 1616 quibus
1020 1565 1128 1605 dedit

220 1702 490 1729 TESTIMONIA.

216 1756 309 1788 med.
336 1757 400 1788 522
424 1766 479 1798 sq.
591 1757 611 1788 2
653 1755 759 1788 ιΗοιπ
784 1755 822 1787 in
846 1755 961 1798 primo
988 1756 1205 1788 carminum:
1231 1765 1362 1798 sperne
1379 1773 1421 1779 —
1439 1754 1602 1798 Cypron’
1625 1756 1730 1790 Prob.

219 1802 401 1878 13981831.
451 1847 468 1878 1
493 1855 631 1888 praem.
658 1845 852 1878 ‘uicesima
875 1855 973 1878 nona
996 1845 1080 1878 ode'
1104 1845 1270 1878 Diomed.
1296 1847 1362 1879 523

213 1983 341 2011 VARIA
359 1983 524 2010 memo.

214 2051 301 2087 opp.
325 2041 414 2077 Acr.
442 2044 479 2076 et
505 2040 618 2088 sch.y
645 2049 778 2086 expos.
808 2043 916 2075 metr.
945 2039 1137 2076 Diomedis
1163 2041 1245 2076 cod.
1267 2040 1300 2075 A
1413 2036 1665 2090 phaphisssque
1695 2047 1730 2089 ψ

212 2114 359 2161 paphiq.
381 2125 401 2148 τ
477 2116 499 2147 2
518 2112 696 2160 Spernere
716 2124 739 2160 y
817 2123 966 2160 cyprum
985 2124 1010 2148 u
1042 2103 1188 2160 eyprdm
1209 2113 1246 2148 B
1330 2114 1351 2148 3
1372 2113 1491 2148 Thure
1510 2124 1536 2149 u
1611 2113 1728 2150 multu

211 2166 252 2218 ’γι
339 2169 493 2217 glicerae
514 2169 660 2217 Βγτψιι
697 2169 842 2217 glycere
865 2169 900 2204 M
937 2169 1080 2223 glicere
1099 2179 1128 2204 π
1212 2172 1235 2203 4
1255 2168 1439 2205 Transfert
1458 2169 1495 2205 B
1581 2169 1680 2206 edem
1701 2181 1727 2206 u

297 2228 318 2260 5
347 2225 503 2262 Feuidus
524 2230 558 2271 ψ
651 2230 686 2260 et
706 2225 793 2261 lutis
816 2224 852 2260 λι
938 2226 960 2260 6
989 2226 1094 2262 nodis
1114 2222 1316 2275 πιχ(εααν.)
1349 2223 1463 2272 (zonis
1483 2223 1543 2271 ⁷⁶2)
1624 2236 1727 2262 num-

210 2283 302 2330 phae
316 2282 363 2317 Α1
394 2282 561 2330 nimphae
582 2280 691 2329 γλψα
768 2284 787 2316 7
808 2282 924 2318 comis
943 2292 968 2317 u
1046 2287 1080 2318 te
1099 2282 1269 2327 iuuentas
1289 2293 1310 2316 τ
1385 2281 1677 2329 Mercuriusquae
1693 2281 1727 2318 A

323 2333 347 2374 Ι
385 2333 450 2374 31.
516 2338 571 2374 AD
610 2337 859 2374 APOLLINEM
899 2334 1185 2385 (APPOLLINEM
1224 2337 1268 2387 A)
1319 2337 1411 2373 ΑΒτ
1477 2337 1630 2374 EVTICE
1669 2337 1726 2374 AI)

209 2394 457 2430 APOLLINEM
484 2393 565 2430 IPSI
594 2393 871 2430 SACRIFICANS
899 2391 1145 2442 (SACRICANS
1167 2390 1208 2443 φ)
1243 2393 1373 2430 VITAE
1405 2390 1515 2443 (VITE
1538 2389 1570 2443 λ)
1596 2393 1726 2430 ΡΒΑΕ-

210 2449 360 2486 SENTIS
389 2447 634 2498 (PRESENTIS
655 2446 720 2498 λῳ)
758 2450 933 2487 STATVM
959 2449 1016 2485 Fa
1071 2450 1226 2486 EVTICE
1261 2449 1317 2486 AD
1343 2448 1591 2486 APOLLINEM
1616 2460 1652 2498 γ.
1715 2470 1719 2474 -

208 2509 229 2540 2
249 2517 359 2542 noum
377 2506 425 2542 ,41
455 2517 591 2542 nouum
607 2506 658 2542 A2
672 2510 756 2542 cett.
828 2508 912 2553 3sq.
936 2506 1260 2554 opimas—feracis
1282 2504 1503 2553 Cruquiana
1559 2507 1580 2540 5
1601 2509 1724 2542 estuo-

209 2573 268 2598 sae
287 2574 338 2610 γα
369 2564 571 2598 aestiuosae
591 2562 629 2597 B
713 2567 812 2611 prata
834 2562 1016 2599 Calabriae
1038 2567 1099 2599 aut
1120 2562 1324 2599 Scheibeus
1339 2567 1374 2598 et
1393 2561 1602 2598 Vrlichsius
1629 2560 1723 2598 laeta

208 2618 389 2655 Calabriae
403 2618 612 2654 Paldamus
638 2618 711 2654 lata
727 2618 769 2654 C:
786 2618 1000 2655 Meinelcius
1028 2623 1142 2655 totam
1158 2618 1354 2665 stropham
1369 2618 1439 2654 del.
1451 2616 1723 2654 Schwenclcius

209 2670 315 2722 (mus.
338 2675 461 2711 Rhen.
481 2675 539 2710 XV
559 2672 637 2724 240)
659 2675 728 2710 sed
746 2674 800 2722 cf.
824 2674 939 2711 Silius
959 2675 1047 2711 Ital.
1067 2675 1127 2711 IIII
1147 2677 1225 2710 350.
1246 2677 1314 2708 224
1427 2674 1449 2708 6
1478 2672 1567 2710 ebor
1586 2684 1607 2708 τ

206 2734 226 2765 7
247 2731 336 2779 lyris
356 2731 412 2767 Fv
440 2731 569 2781 lirsssis
588 2743 612 2779 γ
698 2733 719 2765 8
749 2732 852 2767 annis
871 2732 896 2767 u
997 2742 1060 2767 uu.
1081 2732 1203 2765 9—12
1224 2739 1317 2776 quos
1335 2730 1411 2765 iam
1432 2728 1578 2765 Seneca
1597 2730 1720 2765 imita-

206 2791 267 2823 tus
287 2793 342 2823 est
363 2787 517 2834 Hippol.
538 2789 605 2822 518
624 2797 679 2833 sq.
710 2786 894 2824 ‘Sollicito
922 2787 1051 2823 bibant
1077 2798 1174 2822 auro
1200 2786 1357 2833 superbi
1383 2795 1415 2822 e.
1435 2796 1469 2832 q.
1491 2781 1533 2821 s!
1555 2785 1718 2822 Horatio

207 2844 367 2881 abiudic.
388 2843 540 2881 Peerllc.
558 2843 749 2880 Linlcerus
770 2844 837 2879 alii
920 2845 941 2878 9
960 2844 1148 2880 Praemant
1167 2842 1224 2878 Fr
1303 2841 1474 2881 ,Calenam
1494 2841 1622 2879 Bentl.
