1826 3204
705 179 786 206 Lm.
807 180 834 206 1.
857 179 957 207 17—18
1416 180 1419 181 ⁷
1509 201 1515 206 ,
1542 159 1597 202 33

183 293 248 333 hic
276 292 500 332 innocentis
528 290 670 344 pocula
701 290 834 330 Lesbii

185 367 308 407 duces
338 365 412 406 sub
441 364 595 410 umbra,
626 376 702 404 nec
732 363 954 404 Semeleius
1017 381 1022 386 ·

243 453 333 480 cum
362 439 488 479 Marte
518 438 737 478 confundet
766 437 980 490 Thyoneus

293 513 459 565 proelia,
489 525 564 552 nec
594 517 749 551 metues
778 515 1013 564 proteruom

188 591 372 639 suspecta
402 586 560 639 Cyrum,
592 598 643 625 ne
673 585 775 625 male
805 585 956 638 dispari
1550 587 1602 628 25

188 661 470 701 incontinentis
498 660 632 699 iniciat
660 671 802 699 manus

248 739 287 774 et
316 733 470 774 scindat
497 733 731 773 haerentem
760 745 949 772 coronam

300 807 476 848 crinibus
504 808 812 858 inmeritamque
842 811 1009 847 uestem.

767 1019 918 1058 XVHI

195 1108 364 1154 Nullam,
396 1109 509 1153 Vare,
541 1120 653 1147 sacra
683 1109 766 1147 uite
795 1109 907 1160 prius
937 1108 1091 1147 seueris
1122 1107 1306 1148 arborem

197 1183 302 1221 circa
330 1182 427 1220 mite
457 1180 584 1220 solum
615 1181 776 1220 Tiburis
807 1186 846 1220 et
874 1182 1030 1220 moenia
1061 1181 1193 1221 Catili:

197 1255 312 1295 siccis
342 1255 474 1294 omnia
504 1267 595 1294 nam
625 1254 723 1294 dura
755 1254 854 1293 deus
883 1256 1106 1306 proposuit,
1139 1266 1270 1305 neque

195 1327 403 1368 mordaces
432 1327 546 1367 aliter
577 1327 787 1379 diffugiunt
816 1327 1114 1367 sollicitudines.

87 1501 140 1527 ΤΕ
145 1499 359 1527 s‘rmoNIA.

175 1567 219 1598 22
243 1575 297 1608 sq.
331 1564 478 1597 ‘nec—
494 1565 708 1607 Thyoneus'
734 1564 837 1598 Seru.
866 1564 912 1598 ad
937 1575 1061 1608 georg.
1087 1565 1126 1598 H
1148 1566 1215 1599 455
1242 1566 1325 1606 (nec
1350 1576 1389 1600 se
1414 1565 1515 1599 Mars
1539 1577 1615 1600 me—

85 1610 158 1643 lius
183 1621 266 1643 cum
289 1610 409 1642 Marte
436 1610 637 1642 confundet
660 1610 857 1652 Thyoneus
883 1610 969 1643 edit.
995 1611 1090 1643 Dan.
1119 1614 1156 1644 et
1181 1611 1259 1644 cod.
1278 1612 1397 1644 Paris.
1417 1614 1517 1653 7959,
1543 1613 1616 1644 nisi

86 1655 184 1698 quod
206 1656 267 1688 hic
292 1655 442 1688 exhibet
463 1658 638 1697 tyoneus3
674 1666 745 1688 nec
769 1655 881 1688 semel
905 1655 1036 1688 melius
1063 1667 1144 1688 cum
1169 1657 1289 1689 Marte
1315 1657 1482 1689 confudit
1507 1658 1615 1690 Chio-

85 1700 419 1788 geuslfcoffyassic.
438 1702 526 1733 3317
574 1711 643 1734 nec
668 1701 782 1734 semel
806 1701 937 1734 melius
963 1712 1044 1734 cum
1068 1704 1186 1735 matre
1212 1702 1406 1735 confundit
1430 1702 1617 1751 Chioneus

120 1756 166 1779 ue
202 1756 240 1779 er
267 1756 290 1788 y
313 1769 320 1776 .

177 1813 196 1846 Ι
220 1813 275 1845 18.
325 1814 343 1845 1
375 1813 542 1846 Diomed.
568 1814 635 1847 510
674 1814 854 1847 victorin.
887 1814 976 1846 2598
1016 1813 1062 1846 de
1093 1817 1197 1847 metr.
1228 1815 1318 1847 Hor.
1350 1816 1440 1848 2615
1480 1816 1616 1848 Teren·

86 1859 179 1937 gan.
212 1858 485 1937 {44222Plotius
514 1859 554 1900 8,
579 1859 601 1891 8
624 1862 681 1892 ter
729 1858 884 1892 ‘octaua
913 1858 1058 1892 decima
1087 1859 1173 1892 ode:
1213 1859 1355 1892 nullam
1372 1878 1415 1883 -
1433 1860 1616 1894 arborem'

122 1913 218 1937 10me
246 1926 254 1934 .

90 2063 219 2093 VARIA
236 2062 402 2091 LEc'rlo.

91 2143 169 2170 cem
188 2132 227 2168 F
251 2132 397 2168 chircen
416 2143 442 2167 u
528 2134 573 2166 22
600 2131 711 2168 semel
732 2133 810 2168 eius
831 2132 892 2181 Fy
922 2132 1094 2170 semelius
1114 2133 1261 2170 Bcorr.
1349 2136 1394 2170 23
1422 2135 1619 2172 confundat

89 2200 129 2236 B
148 2211 183 2236 a.
204 2210 310 2236 corr.
397 2204 553 2248 tyoneus
574 2199 612 2235 F
646 2201 819 2237 thioneus
839 2212 942 2248 γπτα
957 2201 1024 2237 Ac.
1132 2204 1177 2235 24
1205 2201 1343 2237 Praclia
1362 2201 1419 2237 Αλ
1459 2189 1535 2239 f'lia
1555 2203 1619 2238 Bu

154 2259 199 2291 24
218 2260 384 2292 metuens
403 2268 427 2305 γ
456 2261 596 2293 metuas
617 2268 639 2304 χ
675 2258 809 2293 metuis
829 2257 930 2303 Pph.
952 2268 1042 2303 opp.
1052 2257 1196 2303 Porph.
1283 2263 1500 2306 proteruum
1521 2257 1564 2294 ,Ω

91 2315 135 2348 25
156 2313 291 2362 circum
309 2324 394 2360 γφιι
488 2324 557 2349 nec
576 2313 767 2361 Βπα.ν.τχ
872 2317 916 2348 26
944 2314 1215 2350 Incontinentes
1235 2315 1298 2350 Fu
1392 2315 1513 2351 initiat
1533 2316 1621 2364 Fyu

176 2371 219 2404 27
239 2368 373 2405 scindit
392 2368 430 2404 B
515 2361 702 2406 herentem
721 2382 795 2419 γτιι
882 2367 1082 2419 cboronam
1101 2376 1137 2418 ψ
1222 2372 1267 2406 28
1286 2372 1469 2408 isneritam
1489 2372 1527 2408 B
1556 2374 1621 2408 im-

93 2426 257 2462 meritam
275 2424 345 2474 γλτ

206 2499 230 2541 Ι
251 2498 316 2541 18.
373 2504 430 2540 AD
466 2504 614 2542 VARVM
647 2505 901 2551 QVINTILIVM
932 2503 992 2540 Βλ
1048 2505 1321 2542 PARANETICE
1354 2507 1622 2544 MONOCOLOS

3 2601 16 2607 s
94 2571 150 2609 AD
178 2571 327 2608 VARVM
346 2571 392 2615 F,
434 2572 520 2608 add.
548 2560 768 2617 Qle'rlLlV
789 2572 810 2607 λ
867 2572 1137 2610 PARANETICE
1166 2574 1432 2611 MONOCOLOS
1459 2575 1623 2620 QVINTI-

94 2627 167 2664 Llo
201 2627 318 2691 VARP
358 2627 542 2687 SVRJMAM
574 2629 727 2688 DICErffs
761 2629 849 2665 VINI
883 2628 961 2665 SED
995 2629 1084 2666 CVM
1114 2630 1234 2689 MQDO
1269 2631 1567 2673 VOLVPTATEM
1596 2645 1623 2690 ἓν

96 2694 315 2740 ALLonl'r
340 2696 456 2732 VARV
487 2696 707 2742 QVINTlLIV
740 2697 792 2733 DE
825 2696 994 2734 VITIBVS
1026 2697 1177 2734 SVMMA
1210 2698 1361 2735 DICENS
1395 2699 1468 2735 VIN
1502 2699 1541 2736 Sl
1570 2699 1624 2736 CV

97 2750 217 2787 MODO
237 2751 532 2789 VOLVPTATEM
553 2765 572 2789 τ
681 2755 698 2788 l
729 2753 833 2789 Nulla
854 2754 922 2790 Ac.
1019 2757 1041 2788 2
1070 2755 1179 2791 mitae
1200 2753 1285 2801 λρν.
1374 2756 1493 2792 menia
1513 2767 1539 2791 u

99 2803 236 2842 cathiili
265 2807 286 2843 λ
335 2809 488 2845 catthilli
508 2809 546 2845 B
594 2810 705 2846 catilli
734 2821 760 2846 u
809 2809 946 2846 Cathilli
964 2809 1111 2859 AFym·
1161 2813 1188 2856 [⁴
1197 2824 1318 2847 omnes
1344 2812 1465 2858 scripti
1490 2813 1625 2848 codices

98 2864 229 2898 habent
247 2862 383 2910 Catilli,
401 2877 467 2911 per
486 2866 498 2899 l
515 2867 757 2913 geminatum'
781 2865 858 2909 Cr.]
945 2869 968 2900 4
996 2867 1182 2915 difugiunt
1202 2868 1236 2904 A

168 2938 355 2962 nonamvs
371 2939 386 2962 1
404 2940 432 2962 ι.
1325 2931 1353 2972 3
