1858 3198
767 188 848 214 Lm.
870 187 932 212 111.
953 187 1037 213 9—10
1592 167 1668 210 117

883 321 926 359 X

256 414 488 454 Extremum
518 412 668 452 Tanain
698 411 731 450 si
761 410 932 455 hiberes,
965 410 1080 463 Lyce,

257 499 377 527 saeuo
407 490 531 538 nupta
560 486 660 531 uiro,
693 497 757 524 me
787 488 920 523 tamen
951 478 1112 536 asperas

311 564 542 613 porrectum
573 563 664 608 ante
693 559 802 598 fores
832 557 992 597 obicere
1021 556 1161 596 incolis

364 633 544 686 plorares
573 630 846 683 Aquilonibus.

256 707 367 748 audis
398 718 476 758 quo
507 706 678 758 strepitu
706 706 836 751 ianua,
869 716 947 755 quo
978 717 1120 744 nemus
1644 709 1667 743 ἵ)

255 783 360 821 inter
388 779 555 833 pulchra
585 783 715 819 satum
745 783 847 818 tecta
877 779 1074 829 remugiat

311 854 455 899 uentis,
487 858 527 892 et
554 854 704 905 positas
734 856 779 892 ut
806 852 950 903 glaciet
979 852 1095 891 niues

364 939 466 979 puro
496 928 659 983 numine
689 926 889 978 Iuppiter?

256 1003 452 1052 ingratam
481 1001 627 1040 Veneri
656 1012 761 1052 pone
792 998 1033 1051 superbiam,

257 1087 308 1115 ne
339 1078 526 1114 currente
555 1077 665 1112 retro
694 1073 799 1112 funis
831 1077 894 1112 eat
923 1077 1022 1112 rota.
1619 1075 1669 1113 10

313 1160 394 1187 non
424 1151 463 1186 te
493 1146 721 1198 Penelopen
752 1145 950 1185 difficilem
982 1147 1115 1198 procis

365 1219 597 1273 Tyrrhenus
626 1221 764 1271 genuit
791 1232 949 1272 parens.

257 1309 280 1335 o
312 1295 494 1346 quamuis
523 1304 653 1344 neque
683 1297 722 1332 te
752 1305 918 1332 munera
948 1305 1023 1332 nec
1052 1297 1196 1345 preces

255 1381 330 1410 nec
361 1369 507 1407 tinctus
538 1366 642 1406 uiola
670 1366 798 1418 pallor
828 1367 1044 1406 amantium
1262 1353 1264 1356 ¹

314 1454 389 1482 nec
419 1442 480 1481 uir
509 1441 638 1481 Pieria
667 1439 819 1492 paelice
849 1441 1008 1480 saucius
1523 1420 1527 1424 ”
1618 1442 1669 1481 15

143 1591 412 1621 TESTIMONIA.

233 1652 290 1685 III
314 1653 368 1685 10.
432 1649 504 1683 ‘Ad
527 1650 656 1692 Lycen
686 1649 869 1691 loquitur,
901 1648 946 1682 de
972 1648 1076 1681 cuius
1107 1647 1282 1690 superbia.
1312 1648 1351 1679 in
1380 1647 1493 1680 tertio
1519 1649 1672 1688 questus

143 1701 199 1732 est
223 1698 261 1730 in
285 1697 354 1729 illa.
379 1696 447 1729 ode
473 1696 578 1728 cuius
602 1695 748 1727 initium
774 1697 848 1727 est:
880 1697 1082 1727 extremum
1099 1712 1139 1716 -—
1158 1693 1299 1726 biberis
1322 1693 1442 1734 Lyee’
1473 1692 1604 1734 Por-ph.
1626 1692 1670 1724 ad

144 1755 176 1777 c.
198 1743 273 1775 1111
297 1744 339 1776 13
363 1742 412 1774 in.
506 1741 561 1773 ‘ei
591 1743 714 1773 autem
746 1740 813 1780 (se.
838 1738 1043 1779 meretrici)
1072 1738 1246 1779 insultat,
1278 1737 1322 1770 de
1360 1738 1464 1770 euius
1495 1737 1671 1780 superbia

142 1790 266 1822 fuerat
290 1790 443 1829 questus
467 1787 505 1819 in
529 1786 598 1818 illa
623 1785 708 1819 ode:
735 1787 936 1817 extremum
960 1785 1127 1826 Tanaym
1152 1784 1183 1815 si
1206 1783 1354 1815 biberes
1378 1783 1488 1814 Lice'
1513 1782 1629 1814 schol.
1649 1793 1670 1824 y

143 1834 190 1867 ad
215 1844 246 1866 c.
270 1833 345 1865 1111
370 1834 411 1865 13
436 1833 485 1865 in.
625 1833 643 1862 l
684 1829 836 1872 ‘quinta
859 1829 945 1862 ode:
978 1832 1179 1862 extremum
1197 1846 1238 1851 —
1255 1829 1374 1870 Lyce’
1414 1827 1579 1860 Diomed.
1605 1828 1671 1861 525

236 1880 279 1911 14
304 1877 407 1910 Seru.
434 1877 481 1910 ad
506 1876 574 1909 ecl.
600 1877 633 1917 2,
658 1876 701 1908 47

144 2015 271 2044 VARIA
290 2013 454 2042 LEGTIO.

256 2078 328 2122 III
360 2079 423 2120 10.
482 2083 538 2119 AD
576 2082 719 2119 LYCEN
759 2078 898 2130 (LICEN
918 2079 953 2128 τ)
981 2080 1074 2117 ΑΒτ
1132 2081 1188 2116 AD
1227 2080 1323 2117 LICE
1364 2078 1502 2126 (LINCE
1523 2078 1559 2130 γ)
1600 2080 1669 2117 SV·

142 2141 315 2178 PERBAM
335 2140 378 2176 IN
397 2139 604 2176 AMANTES
625 2138 707 2187 Fyt
764 2138 835 2175 hoc
855 2148 1013 2174 carmen
1034 2137 1199 2173 Horatio
1227 2137 1469 2173 abiudicabat
1489 2136 1669 2173 Schwen-

143 2198 252 2235 chius
271 2207 366 2234 mus.
389 2195 514 2233 Rhen.
537 2196 596 2232 XV
615 2198 682 2231 245
799 2197 816 2229 1
848 2194 984 2231 biberis
1011 2193 1100 2230 A1B
1119 2193 1216 2240 Ppk.
1247 2204 1334 2240 opp.
1358 2203 1449 2239 exp.
1471 2198 1580 2230 metr.
1602 2194 1668 2230 Ac.

259 2254 328 2291 lice
348 2251 520 2289 Athu
540 2262 630 2299 exp.
652 2255 760 2288 metr.
876 2254 896 2285 2
928 2250 1022 2287 Seuo
1044 2249 1179 2286 Αλπηι
1294 2242 1532 2298 θερθηιέοηι.
1553 2261 1573 2284 τ

143 2313 165 2348 3
186 2312 389 2360 proiectum
409 2310 534 2346 Bentl.
614 2309 773 2346 obiicere
793 2319 814 2344 τ
890 2310 913 2340 4
931 2307 1086 2344 Ploralis
1107 2306 1145 2342 B
1230 2308 1252 2341 6
1273 2306 1398 2354 pulcra
1420 2306 1482 2342 Bu
1520 2306 1623 2354 plura
1642 2317 1669 2353 y

258 2372 375 2404 satum
395 2365 513 2413 A1(ut
531 2362 621 2415 uid.)
640 2364 789 2414 Bytm?
797 2364 875 2412 τθχ
885 2364 974 2400 Aer.
995 2363 1102 2412 sehr
1111 2363 1167 2400 bis
1216 2363 1326 2399 situm
1346 2360 1667 2410 Ιτάπῖχᾴκιβεονν.

146 2421 500 2471 διθμρσσονωιυ)9
521 2422 619 2469 Pph.
644 2420 781 2468 sehale>
830 2431 971 2457 sacrum
998 2418 1115 2467 A2(w1
1136 2419 1305 2466 erasum)
1395 2421 1442 2455 -6
1461 2430 1517 2467 sq.
1551 2431 1669 2455 remu-

145 2481 244 2530 giat?
265 2480 379 2516 sentis
400 2484 437 2515 et
456 2479 596 2527 positas
618 2484 658 2515 ut
678 2478 810 2528 glaciet
830 2479 936 2514 niues
965 2476 1111 2521 Bentz„
1146 2477 1215 2513 sed
1246 2476 1475 2512 simillimum
1509 2486 1669 2524 zeuqma

145 2538 342 2574 inuenitur
361 2546 394 2572 c.
415 2536 444 2572 Π
467 2538 498 2576 1,
518 2537 560 2570 21
582 2545 663 2583 sqq.
706 2536 897 2583 remugiat,
919 2533 1039 2570 uentis
1060 2537 1096 2570 et
1116 2544 1203 2582 pos:
1225 2538 1265 2569 ut
1285 2532 1343 2582 gl:
1364 2544 1408 2569 n:
1430 2532 1582 2569 Peerlk.

145 2597 165 2629 7
196 2594 324 2642 glatiet
345 2604 370 2629 u
419 2591 535 2641 glacie
553 2602 584 2628 π
697 2594 719 2627 8
749 2603 841 2640 puro
869 2589 1033 2636 numine]
1061 2590 1153 2626 duro
1174 2601 1216 2627 n:
1238 2589 1363 2626 Bentl.
1413 2601 1504 2637 puro
1532 2589 1668 2625 lumine

148 2649 319 2697 Scaliyer
367 2659 460 2697 puro
481 2653 518 2685 et
538 2648 674 2685 lumine
694 2648 845 2684 Peerlk.
868 2657 955 2694 opp.
967 2642 1122 2694 scham·
1218 2648 1262 2682 10
1290 2646 1363 2683 Nec
1381 2646 1492 2681 BAc.
1587 2650 1666 2681 rota

146 2706 243 2742 funis
264 2710 322 2742 eat
341 2710 440 2743 retro
459 2716 486 2753 y
506 2704 632 2742 Bentl.
720 2704 819 2741 funis
838 2704 871 2739 A
919 2702 1028 2739 funus
1048 2715 1154 2751 (pam.
1262 2705 1302 2737 ll
1333 2703 1411 2739 Non
1432 2703 1467 2749 in
1492 2707 1525 2737 te
1549 2701 1584 2736 B

146 2761 360 2811 penelopem
381 2760 417 2798 λι
454 2761 650 2811 peuelopin
670 2771 701 2797 π
805 2759 951 2796 difficile
971 2765 1022 2808 ψι
1116 2761 1159 2794 12
1190 2759 1387 2796 Thirrenus
1409 2758 1442 2794 A
1479 2758 1668 2806 Tyrhenus

147 2819 184 2855 B
221 2818 401 2866 Tyn-enus
421 2818 460 2854 F
493 2818 665 2854 Tirrenus
684 2829 711 2854 u
797 2819 842 2852 14
869 2812 954 2866 nec]
977 2821 1015 2852 et
1033 2815 1195 2853 Seruius
1211 2815 1312 2852 Dan.
1404 2817 1444 2849 15
1475 2814 1623 2863 paelyce
1643 2826 1667 2862 γ

146 2874 263 2924 pelice
282 2873 429 2910 Aqu
515 2875 654 2911 sautius
676 2874 735 2911 Au
