1846 3216
820 181 919 208 10—11
1555 163 1638 205 207

226 294 268 332 in
298 293 387 344 quis
417 296 614 331 amantem
642 290 810 342 languor
841 293 881 328 et
910 288 1110 329 silentium

284 367 414 417 arguit
444 369 483 405 et
510 364 635 404 latere
665 364 812 416 petitus
840 363 920 402 imo
951 362 1133 414 spiritus!
1591 367 1640 406 10

230 444 434 479 ‘contrane
463 438 620 478 lucrum
649 436 705 477 nil
735 436 870 476 ualere
901 435 1110 475 candidum

284 513 472 565 pauperis
501 510 742 562 ingenium?’
774 509 971 561 querebar
1001 508 1214 561 applorans
1244 508 1327 554 tibi,

229 586 348 626 simul
378 585 541 625 calentis
570 583 867 624 inuerecundus
897 583 996 622 deus

288 659 506 699 feruidiore
535 670 648 698 mero
679 669 822 697 arcana
850 660 1057 709 promorat
1085 655 1185 696 loco.

231 733 386 784 ‘quodsi
414 733 514 772 meis
543 732 741 771 inaestuet
770 730 1016 783 praecordiis
1590 735 1640 774 15

284 806 410 846 libera
440 805 543 851 hilis,
574 809 619 844 ut
646 804 746 844 haec
772 805 926 855 ingrata
955 805 1088 843 uentis
1118 803 1268 843 diuidat

229 881 404 920 fomenta
433 878 576 919 uolnus
605 878 662 917 nil
690 877 838 918 malum
866 877 1058 922 leuantia;

288 954 442 993 desinet
471 951 690 1004 imparibus
720 956 875 991 certare
904 955 1128 991 summotus
1157 948 1313 1002 pudor-⁹

231 1027 301 1066 ubi
330 1026 427 1066 haec
458 1038 624 1066 seuerus
653 1029 693 1064 te
723 1024 853 1077 palam
882 1024 1151 1070 laudaueram,

288 1102 420 1140 iussus
449 1081 558 1139 abire
588 1099 748 1138 domum
778 1097 938 1138 ferebar
966 1099 1119 1138 incerto
1149 1097 1251 1149 pede
1589 1100 1642 1140 20

232 1174 280 1213 ad
310 1186 391 1213 non
421 1174 568 1213 amicos
597 1172 676 1212 heu
706 1171 803 1211 mihi
831 1172 956 1223 postis
987 1176 1026 1211 et
1055 1171 1134 1211 heu

287 1247 423 1286 limina
453 1246 565 1292 dura,
597 1245 742 1296 quibus
771 1244 929 1284 lumbos
958 1249 998 1284 et
1026 1245 1171 1296 infregi
1200 1244 1316 1286 latus.

231 1333 340 1378 nunc
369 1319 576 1371 gloriantis
607 1317 823 1370 quamlibet
852 1317 1126 1358 mulierculam

290 1395 453 1433 uincere
482 1392 647 1432 mollitia
677 1404 788 1432 amor
817 1391 968 1444 Lycisci
998 1404 1062 1431 me
1092 1396 1221 1436 tenet3

234 1467 340 1507 unde
371 1466 559 1518 expedire
588 1478 668 1505 non
698 1466 918 1505 amicorum
949 1469 1095 1516 queant
1591 1468 1643 1508 25

290 1540 416 1580 libera
446 1539 607 1579 consilia
639 1551 713 1579 nec
743 1538 1007 1579 contumeliae
1036 1550 1193 1590 graues,

235 1614 304 1654 sed
335 1613 434 1653 alius
463 1613 581 1653 ardor
610 1604 685 1652 aut
706 1612 863 1665 puellae
893 1612 1081 1652 candidae

291 1692 360 1727 aut
388 1688 526 1726 teretis
555 1687 671 1738 pueri
699 1686 859 1737 longam
888 1687 1120 1726 renodantis
1150 1679 1340 1727 comam(

124 1927 392 1954 TESTIMONIA.

126 2039 166 2071 ss
206 1993 257 2071 811
283 2002 338 2033 sq.
358 1992 406 2024 cf.
432 1990 648 2032 ‘contraque
673 1990 814 2023 lucrum
837 1991 1012 2034 pauperis
1036 1991 1225 2034 ingenium
1259 1991 1353 2024 nihil
1386 1991 1525 2024 ualere'
1550 1991 1647 2024 Plot.

171 2063 180 2080 Ἰ

126 2175 253 2204 VARIA
272 2174 436 2202 LEcho.

238 2245 261 2279 9
290 2243 420 2292 langor
438 2241 529 2279 Fan:
545 2239 712 2291 (languor
731 2239 842 2292 mppr.)
865 2247 901 2279 et
919 2242 1076 2290 languor
1097 2254 1126 2278 ω
1146 2243 1272 2279 Bentl.
1396 2244 1436 2278 11
1467 2243 1647 2280 Contrane

128 2298 358 2347 ΩΛσ.Ρρ1ι.
386 2300 592 2348 Contraque
611 2311 670 2347 yso
689 2303 725 2335 et
745 2299 797 2346 cf.
820 2299 982 2335 Plotium
1004 2309 1112 2345 quem
1134 2310 1257 2346 supra
1278 2300 1523 2336 laudauimus

133 2358 224 2395 nihil
244 2357 392 2406 BFym
534 2358 576 2390 12
596 2356 790 2404 applorans
813 2356 865 2391 Ατ
885 2355 988 2403 adpl:
1008 2360 1094 2393 cett.
1114 2356 1210 2403 Pph.
1324 2368 1389 2392 uu.
1411 2358 1556 2392 13—28
1575 2368 1645 2394 om.

128 2415 164 2451 B
279 2415 322 2450 13
356 2413 641 2457 inuerecundus]
663 2411 893 2460 uerecundus
914 2412 979 2448 Ac.
1104 2415 1148 2447 14
1168 2413 1320 2449 archana
1340 2425 1413 2461 γηι
1531 2416 1571 2449 15
1593 2415 1647 2450 ἰη-

129 2475 250 2508 estuet
269 2469 318 2506 tu
348 2471 551 2506 inaestuaet
570 2469 603 2505 A
717 2468 916 2518 precordiis
938 2468 1023 2516 Fyu
1137 2471 1181 2505 16
1200 2466 1341 2520 uentis]
1363 2481 1479 2507 uenus
1499 2470 1583 2517 Azy

130 2530 170 2562 17
191 2527 363 2564 Fomenta
381 2538 406 2576 y
510 2525 644 2563 uolnus
663 2524 848 2562 Ac.om.u1
885 2524 1019 2562 uulnus
1038 2530 1122 2562 cett.
1229 2526 1421 2564 alleuantia
1440 2538 1466 2574 y
1488 2527 1647 2563 Glarea-

129 2594 202 2620 nus
315 2586 358 2619 18
377 2582 565 2631 inparibus
584 2581 755 2618 Akau
877 2582 920 2616 19
938 2582 1006 2618 hec
1024 2595 1044 2618 τ
1129 2583 1272 2631 paulam
1293 2583 1325 2619 Α
1429 2585 1471 2617 21
1502 2584 1548 2619 At
1569 2584 1647 2619 Am

128 2652 242 2689 yuar.
329 2641 422 2676 eheu
452 2639 539 2676 mihi
560 2650 585 2675 u
670 2643 797 2688 postes
819 2637 926 2687 Aytu
955 2643 1061 2687 potes
1080 2651 1102 2675 τ
1188 2644 1224 2675 et
1245 2640 1336 2676 eheu
1356 2650 1534 2676 πα.να.ς.ιι
1556 2640 1647 2675 eheu

131 2697 319 2743 ansas.
441 2699 486 2731 22
505 2695 649 2733 lumbos
668 2707 739 2732 om.
751 2707 775 2731 u
875 2693 1022 2744 infregi]
1045 2695 1139 2745 fregi
1158 2707 1337 2742 unpmas.
1369 2696 1479 2743 fregit
1498 2705 1646 2732 naras.

244 2755 289 2789 23
315 2752 514 2801 gloriantes
535 2753 574 2788 F
682 2755 728 2787 24
755 2751 912 2788 mollicia
931 2750 952 2786 λ.
982 2752 1135 2790 mollitie
1152 2752 1318 2800 yBentl..
1340 2748 1523 2801 ‘mollitia]
1547 2751 1647 2788 ablt.’

131 2808 239 2857 schy-
334 2809 450 2845 licisci
470 2808 554 2845 Αλιι
667 2811 711 2844 25
731 2820 805 2845 non
825 2807 993 2856 expedire
1013 2820 1039 2845 u
1142 2814 1278 2857 queant
1298 2809 1362 2844 Fu:
1475 2811 1518 2843 27
1539 2807 1649 2844 arbor

133 2877 153 2901 τ
183 2876 284 2902 amor
302 2876 328 2900 u
441 2867 486 2900 28
505 2866 624 2901 teritis
643 2876 730 2914 ypr.
827 2864 1036 2901 redonantis
1055 2878 1076 2902 τ
1103 2867 1301 2902 renidentis
1320 2876 1380 2911 yso
