1884 3190
762 850 782 858 κ

159 889 536 978 Quandoquidem
582 919 660 962 uix
704 917 820 962 ullus
868 919 972 972 erit,
1018 932 1146 977 quem
1190 919 1352 976 fugiat,
1398 919 1454 961 ab
1498 917 1561 960 eis
1599 918 1688 961 Ho-

153 997 239 1039 rati
270 994 537 1048 editoribus,
576 994 836 1051 quicumque
867 993 1012 1037 adhuc
1042 994 1242 1038 criticum
1272 998 1539 1051 apparatum
1570 992 1690 1035 exhi-

154 1072 260 1115 bere
291 1068 633 1122 contenderunt,
669 1067 899 1110 meliorum
930 1068 1129 1110 codicum
1157 1068 1305 1110 uarias
1337 1067 1543 1110 lectiones
1573 1066 1692 1109 haud

153 1145 217 1187 ita
255 1158 352 1186 esse
394 1143 662 1199 descriptas,
710 1147 761 1184 ut
799 1142 901 1184 inde
938 1141 1085 1198 colligi
1122 1141 1284 1199 possit,
1334 1156 1445 1198 quae
1482 1140 1690 1184 lectiones

154 1223 335 1275 propter
373 1222 599 1258 auctorum
628 1215 761 1258 fidem
798 1221 874 1258 aut
902 1215 1180 1272 recipiendae
1218 1230 1315 1258 esse
1350 1214 1588 1257 uideantur
1616 1220 1695 1257 aut

152 1290 416 1334 reiciendae:
459 1303 510 1331 ea
541 1289 596 1331 de
627 1303 762 1331 causa
790 1303 870 1344 ego
901 1303 999 1330 cum
1026 1288 1221 1331 Holdero
1252 1289 1409 1342 amico,
1441 1303 1467 1330 a
1486 1287 1693 1330 FRIDE-

153 1350 301 1408 RIGO'
325 1361 696 1406 RITSCHELIO
726 1362 1022 1419 potissimum,
1053 1368 1338 1420 praeceptore
1369 1362 1555 1418 optimo,
1586 1361 1692 1404 inci—

153 1439 256 1492 tati,
287 1452 446 1481 nouam
479 1436 641 1480 Horati
672 1436 908 1480 editionem
938 1451 1091 1479 curare
1122 1437 1247 1495 eique
1277 1436 1478 1479 criticum
1508 1450 1692 1492 appara-

155 1519 247 1555 tum
277 1512 361 1565 eis,
401 1511 476 1568 qui
517 1509 661 1552 adhuc
690 1510 735 1552 in
766 1510 906 1553 lucem
934 1510 1214 1568 prodierunt,
1252 1510 1558 1567 perfectiorem
1597 1509 1688 1551 adi-

154 1601 251 1629 cere
287 1585 414 1628 nobis
452 1584 774 1641 proposuimus.
853 1584 926 1626 Ad
962 1585 1080 1626 hunc
1122 1584 1260 1640 igitur
1303 1583 1435 1626 finem
1474 1589 1518 1626 et
1555 1597 1688 1624 manu

154 1661 341 1717 scriptos
372 1657 537 1715 aliquot
574 1656 709 1701 libros
740 1657 1030 1712 Horatianos,
1069 1659 1145 1715 qui
1174 1657 1305 1701 hodie
1345 1658 1391 1699 in
1420 1655 1687 1712 Francogal-

153 1735 295 1776 lorum
332 1739 376 1775 et
412 1731 702 1775 Heluetorum
745 1730 1025 1774 bibliothecis
1072 1731 1339 1788 quibusdam
1376 1730 1692 1773 adseruantur>

152 1808 238 1865 ipsi
268 1804 529 1850 contulimus
561 1812 606 1848 et
635 1805 691 1848 ab
719 1805 840 1858 aliis,
877 1805 951 1861 qui
983 1819 1085 1847 suas
1107 1805 1234 1848 nobis
1265 1804 1520 1848 collationes
1541 1804 1692 1846 huma-

155 1882 333 1923 nissime
362 1879 688 1932 commiserunt,
719 1893 985 1935 magnopere
1006 1878 1146 1921 adiuti
1166 1893 1317 1920 sumus
1338 1884 1396 1932 et,
1427 1883 1478 1920 ut
1497 1883 1694 1920 ueterum

156 1969 327 2012 quoque
346 1952 495 1996 Flacci
525 1953 813 2009 interpretum
834 1951 1042 1995 lectiones
1075 1952 1183 1994 satis
1206 1952 1434 2005 sciremus,
1464 1957 1692 2007 praestan·

153 2028 346 2071 tissimos
387 2014 563 2081 eoruml
574 2026 747 2072 codices
785 2040 917 2083 quam
961 2025 1156 2068 maxima
1202 2025 1424 2082 potuimus
1464 2023 1695 2081 diligentia

155 2101 481 2158 descripsimus,
514 2100 713 2157 denique,
745 2100 1011 2157 ubicumque
1040 2099 1160 2156 apud
1192 2098 1300 2142 alios
1334 2099 1569 2156 scriptores
1599 2098 1689 2141 Ho-

129 2165 373 2218 rati-anum
402 2173 568 2231 aliquid
599 2173 930 2230 deprendimus,
962 2188 1014 2216 ea
1044 2173 1345 2229 congessimus
1377 2179 1446 2226 et,
1478 2172 1690 2230 quicquid

154 2248 393 2292 testimonii
421 2247 518 2290 uice
548 2247 673 2303 fungi
694 2262 822 2305 posse
843 2246 1181 2301 arbitrabamur,
1213 2245 1272 2289 ad
1300 2245 1478 2289 modum
1498 2244 1688 2301 Vergilii

155 2321 451 2366 Ribbeckiani
481 2322 599 2378 typis
630 2320 952 2363 mandauimus.

266 2395 362 2443 Iam
398 2410 504 2438 uero
541 2409 650 2452 quos
693 2401 737 2437 et
774 2393 923 2451 quales
962 2394 1135 2437 codices
1166 2394 1434 2438 Horatianos
1476 2393 1522 2435 in
1558 2393 1688 2435 huius

154 2469 390 2513 uoluminis
427 2484 556 2511 usum
594 2467 888 2521 adhibuerim,
928 2468 1079 2524 paucis
1122 2467 1194 2510 hic
1231 2482 1468 2525 exponam:
1509 2467 1687 2511 uberius

156 2543 211 2586 de
239 2543 321 2585 hoc
351 2542 493 2599 capite
523 2540 744 2584 Holderus
775 2555 897 2584 meus
929 2540 1189 2598 disputabit.

184 2639 217 2675 Α
239 2642 302 2676 est
327 2635 458 2675 codex
487 2635 702 2675 Parisinus
731 2638 840 2672 7900³
869 2634 1024 2674 saeculi
1045 2635 1177 2675 VIIII
1220 2633 1465 2685 (secundum
1496 2620 1692 2675 Ottonem

325 2704 528 2751 Iahnium,
551 2703 833 2750 Hauthafium,
857 2701 976 2753 alios)
994 2724 1049 2731 —
1066 2704 1109 2742 X
1125 2703 1220 2742 olim
1238 2703 1492 2751 Puteaoeus,
1515 2703 1581 2742 hic
1602 2702 1688 2741 illic

326 2771 574 2823 rescriptus;
597 2771 733 2811 deficit
753 2770 852 2810 inde
874 2770 924 2809 ab
946 2771 1067 2823 epod.
1092 2774 1158 2820 16,
1181 2774 1226 2808 26
1246 2784 1380 2823 usque
1400 2770 1453 2810 ad
1483 2770 1605 2823 epod.
1631 2774 1691 2807 17.

326 2843 391 2888 813
424 2839 580 2878 contuli
601 2840 704 2891 ipse.
756 2838 1023 2878 correcturae
1044 2838 1095 2878 ab
1117 2852 1186 2887 eo,
1212 2840 1283 2892 qui
1305 2839 1486 2878 codicem
1508 2838 1689 2890 scrip,sit

330 2908 544 2958 profectae
566 2919 607 2946 et
627 2907 756 2946 altera
776 2920 920 2946 manus
940 2907 1144 2959 posterior
1165 2906 1360 2946 facillime
1393 2905 1686 2958 distinguntur,
