1846 3216
628 610 684 686 Q.
711 632 945 676 HORATI
971 631 1193 675 FLACGI

552 708 610 812 Ε
679 749 735 812 Ρ
804 748 864 812 o
940 748 1004 812 D
1076 747 1135 811 o
1205 747 1264 811 N

833 883 982 917 LIBER

899 1067 922 1105 I

270 1144 369 1217 Ibis
397 1175 584 1215 Liburnis
613 1176 718 1215 inter
747 1174 824 1215 alta
853 1175 1028 1219 nauium,

316 1254 453 1298 amice,
484 1251 795 1304 propugnacula,

258 1331 422 1380 paratus
451 1338 568 1366 omne
598 1325 777 1366 Caesaris
805 1324 1029 1378 periculum

317 1400 465 1447 subire,
497 1400 714 1446 Maecenas,
746 1403 828 1439 tuo.

261 1474 356 1526 quid
384 1486 470 1520 nos,
503 1473 647 1525 quibus
675 1477 716 1512 te
746 1474 828 1513 uita
857 1473 924 1512 *si
954 1472 1169 1525 superstite
1646 1474 1672 1514 5

315 1548 498 1594 iucunda,
529 1549 563 1587 si
592 1551 742 1593 contra,
774 1547 934 1598 grauis?

261 1627 449 1662 utrumne
478 1621 577 1661 iussi
605 1631 897 1673 persequemur
928 1621 1066 1665 otium,

316 1707 396 1735 non
426 1694 555 1740 dulce,
587 1695 629 1734 ni
660 1699 792 1734 tecum
823 1693 954 1739 simul,

260 1781 310 1809 an
339 1768 446 1809 hunc
475 1768 666 1813 laborem,
699 1772 833 1807 mente
862 1767 983 1806 laturi
1012 1766 1127 1806 decet

318 1853 395 1892 qua
423 1842 531 1882 ferre
561 1852 643 1881 non
672 1839 801 1881 mollis
830 1840 964 1880 uiros?
1620 1842 1674 1882 10

149 1990 423 2020 TESTIMONIA.

238 2045 422 2088 Epodon
446 2044 577 2078 liber.
656 2043 765 2077 ‘liber
794 2043 944 2085 quintus
974 2043 1040 2085 qui
1071 2042 1212 2086 epodon
1242 2042 1470 2075 inscribitur’
1506 2041 1673 2076 Diomed.

147 2093 213 2125 527
237 2091 417 2125 Victorin.
442 2090 532 2123 2618
557 2099 656 2122 cons.
681 2089 766 2121 Aer.
791 2089 893 2132 sch.y
917 2088 1051 2135 Pol-ph.

237 2152 354 2195 Epod.
380 2154 411 2185 1.
469 2153 485 2184 1
512 2161 565 2194 sq.
591 2151 838 2184 Terentianus
863 2162 898 2193 p.
923 2151 1011 2183 2438
1055 2150 1235 2184 Victorin.
1261 2149 1351 2182 2618
1376 2158 1431 2191 sq.
1456 2150 1544 2182 2621
1585 2150 1673 2182 For-

147 2198 366 2231 tunatianus
390 2198 478 2231 2705
532 2198 551 2229 1
576 2196 741 2230 Diomed.
767 2198 833 2230 515
872 2196 1018 2228 Plotius
1042 2196 1075 2237 4,
1102 2196 1144 2228 18
1183 2194 1345 2227 Isidorus
1370 2195 1462 2236 orig.
1486 2194 1630 2228 XVIIII
1655 2196 1673 2227 1

145 2242 297 2276 Mallius
320 2242 533 2276 Theodorus
557 2243 590 2284 5,
605 2245 636 2276 3.
656 2243 698 2276 13
815 2251 955 2284 praem.
979 2239 1110 2283 ‘prima
1133 2240 1214 2273 ode'
1238 2239 1406 2272 Diomed.
1432 2240 1499 2273 528
1589 2239 1674 2273 ‘ibis

146 2288 333 2322 Liburnis'
356 2287 523 2322 Diomed.
550 2289 616 2322 509
709 2289 730 2320 3
754 2286 933 2321 Victorin.
960 2287 1049 2319 2506
1118 2286 1141 2319 4
1163 2285 1344 2320 Victorin.
1371 2285 1460 2318 2585

146 2426 277 2454 VARIA
294 2425 461 2453 memo.

259 2481 384 2533 Epod.
418 2479 454 2520 1.
532 2484 588 2520 AD
615 2481 913 2520 MAECENATEM
942 2479 1063 2529 (MEG2
1084 2479 1178 2530 Αγτ)
1206 2479 1336 2530 ΑΒγτ,
1369 2481 1487 2518 inser.
1509 2492 1580 2518 om.
1602 2480 1673 2517 Fi.

146 2542 321 2576 ‘odarum
339 2552 468 2575 nomen
489 2542 537 2576 ad
569 2530 746 2584 ἐπωδοῦς
763 2544 846 2586 sere
866 2539 1030 2584 singulas
1055 2538 1092 2573 in
1110 2539 1152 2573 iis
1178 2538 1219 2584 (i.
1236 2549 1267 2573 e.
1285 2538 1414 2574 Bland.
1432 2539 1552 2583 codd.)
1573 2538 1675 2572 omis·

145 2598 233 2633 sum’
255 2599 311 2634 Gr.
332 2597 420 2634 item
435 2598 518 2635 cod.
539 2607 569 2632 π
587 2597 628 2634 in
647 2597 795 2644 epodon
815 2595 910 2632 libro
932 2595 1050 2631 titulis
1068 2598 1177 2632 caret
1270 2606 1335 2632 uu.
1357 2597 1375 2630 1
1397 2588 1453 2641 eq.
1475 2595 1530 2631 bis
1543 2595 1675 2641 posuit

146 2654 185 2690 B
270 2655 291 2690 3
312 2654 446 2691 cesaris
466 2665 487 2689 τ
573 2653 715 2690 Caesari
734 2651 1061 2700 np.ras.Botheus
1071 2655 1110 2688 et
1124 2650 1276 2688 Peerlk.
1364 2654 1387 2685 4
1406 2662 1574 2688 mecenas
1594 2649 1674 2686 Fit

147 2720 311 2764 mecenas
330 2720 361 2745 π
391 2722 412 2747 ο
429 2721 595 2747 mecenas
615 2709 683 2747 uh
787 2709 841 2746 tui
873 2707 1132 2755 Wakefieldus
1152 2719 1239 2755 opp.
1263 2707 1426 2756 schyktp
1531 2708 1552 2741 5
1574 2707 1623 2743 sit
1644 2718 1675 2742 ω

146 2765 363 2803 Meinekius
370 2765 575 2804 Herbstius
595 2767 627 2803 si
641 2761 1513 2815 ΑΒΕληιχωμρρεεονΛυΜσ.Ρονρή.εο]ι.γλφ
1523 2774 1675 2812 οηι.γπχ

148 2819 339 2870 (αβσήηρε
345 2821 422 2871 pr.)
444 2823 497 2860 sic
517 2835 548 2860 ω
578 2824 609 2860 si
629 2828 686 2860 est
704 2823 880 2860 Ritterus
983 2823 1006 2858 6
1024 2821 1181 2859 Iocunda
1201 2833 1273 2870 ταχ
1366 2823 1386 2854 7
1408 2831 1675 2868 prosequemur

146 2877 326 2930 γεχῳυιῗ)
382 2880 661 2931 9Ansssshuncy
678 2879 851 2918 AdhucB
866 2878 995 2917 Anhuc
1003 2877 1041 2916 λι
1091 2880 1134 2915 10
1144 2874 1504 2928 ΟηαΑΒγτθλ2(ᾶίη
1513 2875 1671 2923 rasura)
