1826 3204
699 169 782 196 mn.
803 169 830 195 1.
852 169 955 197 24-25
1532 149 1587 191 41

179 283 344 324 durum:
377 281 447 322 sed
476 281 605 322 leuius
635 281 678 320 fit
705 280 894 333 patientia

269 355 456 408 quicquid
486 355 689 407 corrigere
720 357 780 394 est
805 353 933 413 nefas.
1536 353 1590 393 20

760 525 889 565 XXV

179 606 342 647 Parcius
371 606 525 645 iunctas
556 605 740 656 quatiunt
768 605 965 644 fenestras

178 679 346 720 iactibus
366 678 518 719 crebris
545 679 712 718 inuenes
741 678 924 731 proterui

178 765 253 793 nec
282 753 353 793 tibi
382 765 543 793 somnos
573 752 763 798 adimunt,
794 755 980 802 amatque

266 828 384 868 ianua
412 826 547 873 limen,

182 913 284 953 quae
313 902 427 954 prius
456 900 626 940 multum
656 898 782 940 facilis
812 897 1001 939 mouebat

181 975 386 1020 cardines;
419 974 531 1015 audis
560 975 692 1014 minus
723 977 762 1013 et
791 974 924 1013 minus
952 973 1051 1011 iarn:

185 1054 262 1088 ‘me
292 1053 361 1088 tuo
391 1048 528 1100 longas
557 1051 752 1100 pereunte
781 1051 931 1093 noctes,

272 1122 404 1175 Lydia,
436 1119 626 1162 dormis?

182 1197 355 1236 inuicem
385 1195 573 1236 moechos
603 1207 704 1236 anus
734 1195 957 1246 arrogantis
1030 1219 1042 1231 κ
1560 1234 1562 1237 .

181 1269 294 1309 flebis
322 1270 365 1308 in
393 1269 478 1309 solo
506 1269 609 1309 leuis
637 1269 862 1321 angiportu,
1545 1270 1596 1310 10

184 1343 355 1383 Thracio
385 1342 605 1383 bacchante
635 1343 760 1393 magis
790 1341 865 1382 sub
895 1342 1017 1382 inter-

270 1417 378 1457 lunia
407 1421 541 1462 uento,
672 1408 675 1411 ⁵

184 1473 289 1532 cum⁰
303 1490 377 1531 tihi
405 1490 578 1542 flagrans
607 1502 719 1530 amor
750 1494 790 1530 et
819 1489 954 1535 libido,

183 1578 283 1619 quae
314 1564 415 1605 solet
445 1569 593 1605 matres
622 1565 771 1605 furiare
802 1575 1010 1615 equorum,

1568 909 1593 948 27!

71 1667 343 1709 TESTIMONIA.

163 1737 205 1769 19
229 1744 284 1777 sq.
309 1735 446 1767 Donat.
473 1734 520 1768 ad
543 1734 694 1767 Terent.
718 1734 844 1777 hecyr.
868 1735 944 1767 IIII
968 1735 1001 1775 2,
1027 1735 1071 1767 27
1226 1733 1324 1767 ‘nam
1347 1733 1469 1767 leuius
1493 1733 1533 1766 fit
1557 1752 1600 1757 -

73 1781 258 1824 corrigere
294 1790 367 1813 non
404 1783 462 1813 est
501 1778 574 1814 fas'
614 1780 774 1813 Gilberti
809 1780 934 1813 Foliot
966 1779 1113 1812 abbatis
1146 1779 1380 1812 Glocestriae
1418 1780 1525 1823 epist.
1557 1781 1600 1812 79

73 1827 185 1870 (Gilb.
213 1837 269 1869 ep.
284 1826 338 1859 ed.
358 1825 462 1858 Giles
479 1825 498 1857 1
513 1836 548 1868 p.
566 1827 625 1865 99)
703 1825 801 1858 ‘nam
818 1824 1116 1858 leuius—nefas'
1140 1824 1292 1860 Hildeb.
1318 1835 1406 1857 mor.
1425 1825 1514 1868 phil.
1534 1827 1602 1858 980

72 1918 104 1951 A
162 1872 352 1951 13540714
376 1870 488 1914 ‘apud
510 1871 620 1904 Hor.:
644 1871 804 1912 furiare,
831 1870 886 1903 sic
909 1870 1114 1912 fortunare,
1140 1870 1194 1903 sie
1220 1869 1398 1903 siderare’
1424 1871 1527 1904 Seru.
1555 1869 1602 1902 ad

107 1928 162 1951 en.

72 2022 202 2050 VARIA
220 2021 387 2048 LEGTIO.

187 2086 231 2120 19
251 2084 381 2121 durum
413 2083 477 2120 sed
496 2083 616 2120 leuius
643 2083 686 2120 fit
714 2084 891 2132 patientia
919 2082 1134 2131 Hitziqius‚
1156 2095 1229 2121 om.
1251 2085 1333 2121 colo
1347 2088 1439 2132 post
1459 2084 1602 2126 durum,

74 2153 162 2190 opp.
183 2141 290 2190 selay-
351 2171 356 2175 .
403 2138 459 2177 s&
477 2152 502 2190 y
616 2141 797 2189 pacientia
818 2153 850 2188 φ

186 2205 211 2247 I
239 2204 306 2247 25.
366 2209 421 2246 AD
447 2209 596 2246 LIDIAM
624 2209 661 2245 B
703 2208 1010 2246 EXPROBRATIO
1045 2208 1089 2245 IN
1126 2208 1405 2246 MERETRICEM
1441 2209 1604 2246 LYDIAM

76 2266 238 2315 (LIDIAM
265 2265 299 2314 λ)
330 2265 388 2302 Fi
423 2266 726 2303 EXPROBRATIO
754 2266 799 2302 IN
826 2264 1105 2302 MERETRICEM
1135 2266 1284 2302 LIDIAM
1312 2266 1365 2303 DE
1395 2266 1605 2303 SVPERBIA

75 2323 212 2360 IPSIVS
232 2335 256 2372 y
314 2323 371 2359 AD
391 2323 539 2359 LIDIAM
559 2323 613 2360 DE
634 2322 853 2359 SVPERBIA.
862 2322 1000 2359 1PSlVS
1019 2334 1040 2358 τ
1171 2324 1188 2357 l
1210 2323 1355 2359 Partius
1375 2324 1490 2360 Fntu

7 2383 10 2386 ’
76 2382 217 2417 uinctas
235 2391 262 2427 y
366 2383 387 2414 2
406 2379 541 2416 Ictibus
561 2377 957 2428 x(aknscorr.)mopp.
970 2378 1037 2415 Ac.
1050 2380 1320 2425 [omn.Bland.]
1411 2379 1527 2416 crebis
1549 2378 1604 2416 Αλ

190 2439 212 2473 3
232 2447 377 2473 somnes
398 2448 418 2471 τ
448 2448 585 2473 sonnos
605 2448 631 2473 u
717 2440 911 2484 amantque
926 2441 987 2485 γψ
1072 2439 1092 2472 5
1115 2437 1238 2473 faciles
1258 2436 1349 2481 Επς
1358 2437 1501 2484 ΡονρΙι.
1514 2448 1602 2484 opp.

79 2495 143 2530 Ac.
163 2494 271 2542 why
291 2492 406 2538 [codd.
426 2494 574 2539 Bland]
720 2495 743 2528 6
772 2492 947 2529 Kardines
976 2492 1035 2542 Αγ
1070 2493 1233 2530 Cardinis
1253 2504 1345 2540 πρν.
1383 2494 1554 2530 Cardines
1576 2505 1606 2529 π

79 2562 182 2588 corr.
204 2554 292 2587 cett.
381 2553 399 2584 7
423 2550 520 2587 Metu
542 2561 563 2586 ο
583 2561 604 2585 τ
689 2549 800 2598 longa
821 2554 997 2598 pereunte
1018 2555 1125 2587 nocte
1145 2563 1165 2587 τ
1186 2549 1333 2599 longam
1353 2562 1436 2599 per:
1459 2557 1604 2588 noctem

3 2605 19 2613 Ι
82 2608 204 2644 Bentl.
326 2609 348 2642 8
374 2606 475 2643 Lidia
495 2606 641 2656 BFyzu
764 2609 786 2641 9
814 2607 966 2643 moecho
986 2618 1096 2644 sanus
1117 2607 1166 2644 ,41
1186 2608 1358 2644 moechos
1379 2619 1423 2644 an
1444 2618 1491 2654 φι

80 2665 228 2700 mechos
248 2675 273 2700 u
389 2663 600 2712 adrogantis
621 2663 700 2699 Am
731 2668 946 2711 arrogantes
966 2663 1050 2701 Fvu
1166 2666 1209 2699 10
1227 2663 1376 2701 Flebilis
1398 2664 1446 2700 „41
1564 2666 1602 2698 ll

82 2720 259 2758 Thrachio
280 2720 313 2756 Α
335 2720 476 2757 Traicio
495 2732 520 2769 γ
551 2721 678 2757 Tracio
699 2721 765 2757 Bw
796 2720 944 2757 Thratio
964 2731 990 2756 u
1104 2720 1280 2757 bachante
1300 2733 1351 2757 πτ
1380 2721 1552 2758 baccante
1575 2733 1606 2767 φ

83 2810 232 2847 bacante
252 2816 287 2858 ψ
315 2810 488 2848 bacchata
508 2812 633 2848 Bentl.
740 2813 783 2846 13
805 2810 965 2859 fraglans
985 2821 1016 2847 π
1109 2808 1242 2862 libido]
1264 2812 1395 2861 cupido
1417 2823 1442 2848 u
1474 2772 1604 2860 gulglllig

84 2867 119 2903 B
233 2868 277 2901 14
296 2868 456 2915 aequori-1
473 2868 513 2903 F
