1846 3216
181 176 262 218 136
741 191 898 217 HORATI
921 190 1133 218 cARmNVM

399 302 594 353 pomifero
624 313 747 353 graue
776 305 933 353 tenipus
963 314 1078 341 anno.

290 387 380 414 nam
412 386 512 425 quae
543 374 664 414 niuali
692 375 867 426 pasoitur
895 374 1034 426 Algido
1578 415 1581 417 ,

292 448 434 487 deuota
466 459 637 498 quercus
666 449 769 487 inter
800 452 839 486 et
867 447 990 492 ilices,
1446 487 1451 489 ,
1520 488 1523 490 ,
1579 472 1582 474 -
1648 454 1698 494 10

348 525 414 560 aut
443 522 586 560 crescit
613 521 772 561 Albanis
801 522 842 560 in
871 520 1007 560 herbis

400 595 571 640 uictima,
603 595 834 646 pontificum
866 606 1027 633 secures

293 669 450 707 ceruice
481 668 650 718 tinguet:
684 672 723 706 te
754 667 850 706 nihil
881 668 1020 706 attinet

294 745 488 793 temptare
518 741 640 780 multa
671 740 790 780 caede
818 740 1040 780 bidentium

348 826 495 866 paruos
526 818 781 853 coronantem
810 815 964 853 marino
1367 817 1370 821 '
1647 819 1697 858 15

399 899 491 927 rore
522 872 616 926 deos
645 887 855 938 fragilique
886 890 1026 939 myrto.

292 961 480 1000 immunis
510 972 618 999 aram
648 961 681 999 si
711 961 840 1010 tetigit
875 971 1027 1004 manus,

293 1046 372 1073 non
403 1037 633 1084 sumptuosa
664 1032 845 1071 blandior
875 1031 1004 1071 hostia

349 1106 519 1146 molliuit
549 1118 712 1145 auersos
742 1105 900 1145 Penatis

401 1180 508 1219 farre
537 1180 603 1231 pio
635 1183 673 1218 et
702 1178 866 1219 saliente
895 1179 1008 1218 mica.
1437 1194 1439 1196 ·
1647 1184 1700 1224 20

182 1451 452 1479 TESTIMONIA.

181 1517 237 1549 III
261 1519 370 1549 tract.
397 1517 429 1557 6,
447 1517 490 1549 32
516 1527 574 1558 ap.
593 1516 670 1548 Mai
694 1518 792 1549 auct.
819 1516 930 1548 class.
954 1516 1008 1548 III
1033 1517 1100 1548 210
1193 1517 1324 1548 17-20
1349 1515 1461 1549 schol.
1479 1516 1582 1549 Pers.
1609 1518 1641 1558 2,
1661 1518 1704 1550 75

275 1563 406 1594 17—19
431 1561 634 1594 Hildebert.
661 1561 791 1603 philos.
810 1561 938 1593 moral.
964 1572 999 1603 p.
1015 1562 1080 1593 972
1175 1561 1306 1593 18—20
1331 1560 1434 1593 Seru.
1460 1561 1632 1604 uolgatus
1658 1561 1705 1594 ad

181 1607 277 1639 Aen.
293 1608 325 1640 V
350 1608 415 1640 745
442 1606 519 1648 (sed
543 1607 581 1637 in
607 1606 659 1638 eis
683 1616 778 1647 mss„
806 1616 896 1648 quos
921 1606 1029 1638 Thilo
1056 1605 1223 1647 contulit,
1247 1606 1336 1638 Hor.
1362 1616 1435 1638 non
1459 1605 1646 1649 laudatur)

181 1787 310 1815 VARIA
329 1787 497 1815 LEGTIO.

294 1859 316 1892 8
346 1857 516 1905 pomiferi
533 1885 541 1893 .
559 1884 568 1893 .
587 1885 596 1894 .
613 1857 697 1893 anni
719 1855 978 1893 Marklandus
1075 1858 1098 1891 9
1126 1856 1286 1904 Namque
1306 1856 1567 1894 A1Ba.corr.w
1652 1857 1707 1894 ni·

182 1912 264 1949 uale
283 1924 372 1959 apr.
452 1913 567 1950 aloido
588 1914 809 1962 Funeorr.x
897 1915 938 1948 10
967 1913 1069 1949 ilices
1090 1912 1123 1949 r}
1141 1912 1179 1948 B
1197 1912 1266 1950 sed
1285 1913 1432 1949 addidit
1451 1924 1488 1950 u.
1513 1915 1551 1948 11
1639 1925 1704 1950 uu.

184 1971 330 2004 12-20
350 1981 420 2005 om.
445 1969 477 2005 Β
569 1972 612 2004 12
643 1971 798 2006 securim
819 1966 1253 2017 x(66981v)y(Pulmanni
1271 1968 1313 2005 H
1331 1967 1414 2013 etc.)
1436 1968 1564 2006 Bentl.
1605 1977 1706 2006 secu-

183 2025 237 2071 ris
257 2036 286 2061 π
316 2036 484 2061 securum
506 2024 598 2072 (pro
620 2022 787 2075 securim)
809 2037 834 2062 u
866 2037 1011 2062 secures
1032 2028 1118 2062 cett.
1140 2026 1288 2072 Porph.
1308 2026 1415 2074 seh.y
1426 2027 1450 2062 ἰ.
1460 2029 1484 2061 t.
1573 2027 1615 2061 13
1636 2026 1707 2062 tin-

184 2086 247 2129 get
267 2080 324 2117 Αλ
344 2093 418 2117 non
442 2081 471 2117 G
586 2082 697 2118 nichil
718 2093 776 2128 <pu
892 2081 1029 2118 adtinet
1050 2082 1128 2118 Au2
1173 2083 1230 2118 ate
1251 2080 1398 2128 u1(sie)-
1429 2087 1466 2118 at
1486 2082 1579 2118 tinet
1598 2093 1623 2131 γ

183 2141 228 2173 14
258 2138 424 2174 Temtare
445 2143 495 2182 ψι
611 2138 697 2175 cede
724 2148 802 2174 πτα
916 2137 1103 2174 bidentum
1127 2149 1149 2186 χ
1264 2139 1307 2172 16
1336 2139 1444 2174 mirto
1466 2138 1526 2174 Au
1641 2149 1705 2175 uu.

186 2196 330 2229 17--20
350 2195 422 2231 del.
443 2194 596 2231 Peerlk.
683 2197 725 2230 17
754 2195 915 2230 Inmunis
936 2194 974 2230 F
989 2193 1132 2240 Porph.
1154 2194 1245 2230 Aer.
1334 2195 1376 2228 19
1404 2194 1559 2230 Molliuit
1578 2193 1706 2243 yv(A1?

183 2251 291 2288 lectio
306 2251 480 2298 pristina
495 2248 876 2300 ειιαηαὶἰ)χ(αβ1σ1ι)[1
888 2252 1034 2296 Biana]
1047 2250 1176 2287 Bentl.
1207 2249 1362 2286 Mollibit
1382 2249 1525 2298 AFiux
1546 2249 1708 2286 Seruius

182 2329 283 2366 Dan.
305 2328 552 2366 Hildebertus
587 2311 742 2367 Mollissit
760 2341 790 2366 π
847 2330 983 2366 Prima
1008 2330 1117 2365 lectio
1146 2329 1398 2375 confirmatur
1426 2329 1576 2365 conlato
1597 2328 1710 2365 Statii

183 2387 264 2422 loco
284 2386 471 2422 simillimo
491 2386 577 2422 sila.
599 2387 613 2422 I
634 2388 667 2427 3,
691 2388 754 2421 127
774 2397 857 2433 sqq.
890 2385 994 2430 ‘Qua
1022 2396 1124 2421 nune
1152 2385 1220 2422 tibi
1243 2394 1398 2431 pauper
1425 2394 1566 2421 acerra
1593 2385 1708 2432 diyna

183 2442 310 2478 litem?
330 2452 400 2478 nee
420 2443 455 2478 si
471 2447 612 2479 uacuet
629 2442 816 2479 Meuania
837 2443 958 2479 ualles
978 2446 1046 2479 aut
1057 2445 1260 2488 praestent
1279 2442 1412 2477 niueos
1433 2439 1622 2477 Clitumna
1643 2453 1708 2477 no·
1752 2458 1756 2462 -

184 2498 291 2535 ualia
317 2502 471 2542 tauros,
500 2498 716 2545 sufficiam:
750 2500 820 2535 sed
843 2508 959 2546 saepe
987 2499 1067 2535 deis
1095 2498 1163 2534 hos
1182 2499 1282 2534 inter
1302 2497 1468 2534 honores
1487 2507 1652 2543 ,caespes
1672 2501 1709 2533 et

185 2555 324 2602 exiquo
339 2555 575 2601 placuerunt
591 2554 711 2602 farra
730 2556 876 2598 salino,·
904 2554 956 2602 cf.
979 2555 1091 2590 etiam
1116 2554 1249 2590 Tibull.
1270 2553 1330 2590 1111
1352 2555 1382 2594 l,
1406 2555 1449 2587 14
1467 2563 1523 2600 sq.
1555 2552 1708 2604 Perua-

185 2621 258 2658 que
292 2611 474 2647 caelestes
504 2611 679 2657 placauit
712 2612 811 2648 mica
838 2621 908 2648 nee
935 2611 1009 2647 illis
1036 2620 1187 2657 semper
1220 2611 1401 2646 inaurato
1431 2613 1570 2645 taurus
1603 2610 1706 2645 cadit

185 2667 316 2703 hostia
328 2661 472 2705 cornu?
530 2666 696 2704 Formae
716 2668 862 2705 mollibo
883 2667 1099 2713 exemplum
1119 2677 1195 2703 non
1215 2669 1324 2702 extat
1435 2665 1610 2701 aduersos
1632 2671 1707 2712 ψῃ]

186 2734 337 2760 auersos
357 2726 443 2759 cett.
465 2723 629 2769 [Bland]
647 2724 714 2761 Ac.
727 2724 818 2761 Aer.
839 2727 875 2761 et
890 2723 996 2772 salty
1016 2719 1191 2772 (interpr.
1222 2719 1441 2768 ‘offensos’)
1558 2724 1707 2770 penates

186 2778 318 2828 Fyzvu
403 2780 448 2814 20
477 2778 644 2816 salliente
663 2791 687 2827 γ
