1826 3204
753 205 833 232 mn.
856 205 900 230 11.
922 205 989 232 4—5
1577 188 1631 230 67

332 318 374 356 in
403 328 593 356 uenerem
622 314 792 355 tolerare
821 314 990 366 pondus.

225 391 330 430 circa
361 391 526 430 uirentis
557 393 617 429 est
646 389 801 428 animus
832 393 921 427 tuae
1608 392 1632 430 5

225 476 385 516 campos
414 465 620 508 iuuencae,
653 474 758 501 nunc
788 461 924 501 fluuiis
953 472 1117 512 grauem

281 536 444 577 solantis
474 540 639 581 aestum,
672 547 779 575 nunc
807 536 848 574 in
879 534 957 573 udo

331 610 471 649 ludere
501 622 592 649 cum
621 608 756 648 uitulis
786 607 922 648 salicto

224 683 540 736 praegestientis.
584 682 676 721 tolle
706 682 932 734 cupidinem

223 757 385 796 immitis
414 769 535 796 uuae:
566 756 645 795 iam
675 755 747 795 tibi
775 754 919 794 liuidos
1582 757 1635 798 10

281 830 496 881 distinguet
525 834 737 869 autumnus
766 841 946 868 racemos

333 915 537 956 purpureo
567 904 703 942 uarius
733 901 879 942 colore.

225 978 304 1017 iam
334 982 374 1016 te
405 981 614 1028 sequetur:
647 977 774 1016 currit
805 976 910 1015 enim
939 975 1052 1014 l'erox

226 1055 345 1096 aetas,
378 1055 417 1090 et
445 1050 513 1096 illi,
546 1062 645 1101 quos
677 1049 747 1089 tihi
777 1049 1006 1102 dempserit,

283 1128 456 1177 apponet
484 1136 630 1163 annos:
662 1124 739 1162 iam
769 1127 960 1175 proterua
1585 1126 1636 1165 15

333 1198 465 1237 fronte
493 1201 604 1249 petet
633 1196 774 1247 Lalage
804 1197 1002 1241 maritum,

225 1270 367 1310 dilecta
398 1275 588 1321 quantum
617 1282 698 1309 non
727 1269 876 1309 Pholoe
905 1269 1037 1319 fugax,

225 1357 305 1384 non
335 1343 489 1383 Chloris
517 1343 607 1383 albo
638 1344 694 1383 sic
725 1355 863 1382 umero
894 1343 1037 1387 nitens,

282 1422 327 1457 ut
354 1429 455 1469 pura
483 1421 680 1457 nocturno
709 1416 866 1455 renidet

333 1490 426 1530 luna
447 1491 555 1545 ‘mari
585 1490 802 1530 Gnidiusue
832 1489 981 1542 Gyges:
1582 1491 1638 1533 20

228 1576 347 1615 quem
377 1564 410 1603 si
438 1563 661 1615 puellarum
691 1564 891 1602 insereres
921 1561 1056 1608 choro,

184 1667 188 1669 -
225 1639 326 1677 mire
357 1637 506 1688 sagacis
535 1636 692 1676 falleret
719 1635 897 1688 hospites

114 1798 167 1824 TE
172 1796 383 1824 STIMONIA.

203 1851 225 1883 8
241 1860 297 1892 sq.
322 1850 428 1883 ‘Hom
452 1850 491 1881 in
506 1850 543 1882 11
568 1848 601 1891 (Ι
618 1848 717 1891 libri)
745 1848 964 1880 carminum:
989 1848 1116 1881 ludere
1134 1867 1176 1871 —
1194 1849 1496 1892 praegestientis'
1521 1850 1637 1883 Prisc.

113 1895 223 1928 XIIII
245 1897 290 1928 46
394 1896 438 1927 14
461 1904 517 1936 sq.
551 1894 666 1926 ‘et—
683 1896 859 1936 apponet'
885 1893 1001 1928 schol.
1027 1893 1130 1926 Pers.
1155 1895 1188 1934 2,
1214 1895 1235 1926 2
1349 1896 1392 1927 22
1416 1905 1472 1937 sq.
1510 1895 1638 1937 ‘saga-

115 1951 178 1974 ces
194 1959 238 1964 —
255 1941 467 1974 obscurnm’
491 1939 607 1972 schol.
630 1939 759 1972 quen.
786 1940 839 1979 15,
867 1940 930 1972 137

113 2088 242 2117 VARIA
260 2088 425 2115 LEOTIO.

117 2173 120 2185 ἱ
227 2155 250 2186 4
269 2151 439 2188 tollerare
459 2151 497 2186 B
526 2138 698 2187 tollgrare
718 2162 742 2198 γ
826 2153 848 2185 5
879 2150 1040 2186 uirentes
1070 2149 1274 2194 auworm
1357 2154 1377 2186 7
1409 2156 1526 2188 cstum
1546 2163 1572 2188 u

114 2209 136 2243 9
154 2208 416 2256 Pregestientis
437 2206 514 2243 Αλτ
601 2209 644 2242 10
671 2207 810 2243 lnmitis
830 2206 896 2242 Fa:
914 2206 1013 2253 Pph.
1053 2207 1166 2242 imitis
1191 2207 1224 2242 B
1309 2209 1349 2241 11
1380 2207 1560 2256 Distinget
1581 2207 1637 2244 Αλ

114 2275 191 2301 non
205 2263 380 2310 A0.Pph.
467 2268 649 2300 autunnus
669 2274 695 2299 u
782 2264 825 2297 12
844 2263 1036 2311 Purpureo
1055 2263 1159 2299 uario
1181 2262 1304 2300 colore
1324 2275 1349 2299 u
1435 2265 1558 2300 uarios
1577 2276 1638 2311 μω

115 2321 239 2357 Benll.
270 2321 418 2356 uarious
439 2320 522 2356 Αἶά.
539 2321 624 2355 1481
713 2321 757 2354 13
777 2319 944 2366 sequitur
963 2318 1073 2367 Fym
1160 2324 1281 2356 curret
1300 2316 1637 2368 Fkaaeavnxffihsv)

115 2388 190 2413 non
214 2376 309 2423 Pph.
397 2376 524 2413 soerox
544 2388 564 2412 τ
603 2376 711 2424 fugax
742 2375 1000 2421 Wakefieldus
1095 2377 1139 2410 14
1157 2386 1212 2423 sq.
1246 2376 1343 2424 quod
1360 2405 1368 2413 .
1387 2403 1396 2412 .
1414 2405 1421 2412 .
1440 2387 1556 2413 annus
1576 2378 1641 2414 uel

43 2468 49 2474 ,
116 2438 207 2481 quot
223 2461 231 2469 .
250 2461 259 2469 .
277 2461 286 2469 .
303 2444 418 2469 annos
439 2432 563 2469 Bentl.
651 2434 695 2466 14
715 2432 888 2468 demserit
908 2436 1054 2478 πρηψι
1140 2434 1183 2468 15
1203 2433 1372 2480 Adponet
1392 2433 1482 2469 Fla
1491 2433 1636 2480 Porph.

200 2490 244 2524 16
263 2490 357 2536 petit
374 2487 482 2537 yt(tit
501 2489 540 2524 in
561 2487 743 2536 rasura)x
781 2492 844 2536 pet
863 2486 899 2523 λι
987 2490 1029 2522 17
1049 2499 1122 2525 non
1142 2500 1213 2525 om.
1237 2489 1274 2524 F
1357 2489 1455 2526 soloe
1474 2502 1500 2539 γ
1528 2490 1638 2538 phole

116 2544 292 2592 BAc.pr.
398 2541 524 2594 fugax]
547 2544 649 2581 ferox
667 2544 925 2590 Wakefieldus
1029 2545 1073 2579 18
1103 2544 1212 2581 eloris
1233 2557 1258 2581 u
1307 2545 1404 2582 doris
1424 2545 1497 2593 χ(υ)
1585 2547 1639 2582 sic

115 2602 278 2638 renitens
298 2601 448 2637 humero
469 2611 511 2637 αι
597 2612 722 2645 umero
744 2600 882 2646 APph.
915 2610 1039 2637 omero
1062 2601 1096 2636 B
1182 2603 1225 2636 19
1245 2613 1330 2650 para
1349 2612 1389 2650 γι
1419 2613 1512 2650 puro
1531 2614 1553 2637 τ

116 2662 294 2694 nocturna
314 2669 334 2692 τ
420 2658 554 2693 renitet
574 2656 1061 2705 FuxAcorrBuarmcor-r.
1175 2660 1220 2693 20
1250 2658 1436 2694 cnidiusue
1458 2658 1526 2693 Βπ
1540 2658 1639 2704 Pplz.

117 2713 335 2761 gnidiusque
349 2712 427 2761 ’λιιχ
475 2713 651 2761 gnidiusq,
671 2725 691 2749 τ
739 2712 932 2761 gnidiusue
952 2713 1033 2749 rell.
1049 2713 1114 2749 Ac.
1229 2725 1343 2762 gyges
1365 2714 1474 2762 Βλαχ
1522 2725 1638 2762 guges

118 2769 215 2814 Pph.
264 2770 367 2818 giges
395 2770 633 2821 Aytncorr.2
655 2770 720 2806 Ac.
771 2770 850 2817 gies
874 2768 1188 2817 prr.x(<5hspr.)
1303 2781 1368 2805 uu.
1389 2772 1538 2804 21—24
1565 2771 1638 2806 del.

117 2823 268 2861 Peerlk.
353 2828 395 2860 21
426 2829 563 2863 iserere
583 2825 621 2862 B
720 2829 764 2860 22
794 2834 950 2873 sagaces
965 2823 1120 2871 falleret
1138 2837 1164 2862 u
1252 2827 1393 2874 sagacis
1413 2825 1471 2876 Αγ
1491 2826 1637 2873 Por-ph.

118 2891 267 2927 sagaces
287 2885 371 2916 cett.

1305 2944 1366 2986 5*
