1826 3204
775 171 856 198 Lm.
878 172 906 198 1.
928 173 962 200 15
1575 154 1632 196 29

222 296 303 324 non
332 283 579 328 Laertiaden,
612 283 776 322 exitium
804 286 896 321 tuae

222 358 364 408 gentis,
396 369 476 396 non
506 356 659 409 Pylium
689 356 857 395 Nestora
886 349 1077 406 respicis?

222 434 368 482 urgent
396 426 574 482 inpauidi
603 434 642 469 te
674 428 911 468 Salaminius

311 504 479 548 Teucer,
512 507 550 542 te
581 502 793 542 Sthenelus
826 502 957 541 sciens

222 557 403 629 pugnaes
423 577 508 616 siue
537 588 638 628 opus
669 580 729 615 est
758 576 988 627 imperitare
1019 575 1145 626 equis,
1581 577 1633 618 25

221 662 302 689 non
331 650 469 700 auriga
497 650 622 702 piger.
664 649 867 688 Merionen
898 659 1056 699 quoque

222 735 376 762 nosces.
421 735 512 762 ecce
542 723 640 762 furit
670 727 708 762 te
738 723 918 774 reperire
949 726 1062 761 atrox

312 795 484 848 Tydides
513 795 654 835 melior
683 800 815 848 patre:

152 884 155 887 ·
224 880 343 920 quem
372 874 428 915 tu,
461 881 603 909 ceruos
635 870 692 909 uti
720 868 835 909 uallis
862 870 905 908 in
934 868 1058 908 altera

223 944 355 982 uisum
383 946 497 995 parte
526 942 666 995 lupum
695 943 884 994 graminis
912 943 1135 987 immemor,
1582 945 1636 985 30

226 1015 385 1055 sublimi
414 1017 542 1067 fugies
571 1016 702 1056 mollis
732 1015 920 1062 anhelitu,

314 1101 395 1128 non
424 1088 500 1128 hoc
529 1089 727 1141 pollicitus
757 1096 860 1129 tuae.

224 1162 414 1202 iracunda
444 1163 549 1202 diem
578 1164 757 1215 proferet
785 1162 855 1202 Ilio

227 1237 502 1287 matronisque
531 1235 733 1288 Phrygum
763 1236 901 1276 classis
930 1236 1114 1279 Achillei;

226 1313 318 1361 post
347 1313 477 1349 certas
506 1309 659 1349 hiemes
689 1314 780 1349 uret
809 1309 1000 1349 Achaicus
1585 1312 1638 1352 35

313 1381 707 1434 ignis*Pergameas
737 1383 902 1422 domos.’

116 1586 384 1614 TESTIMONIA.

204 1644 248 1674 22
274 1641 450 1675 ‘Nestora
473 1642 639 1684 Pylium‘
664 1642 778 1675 schol.
805 1641 899 1675 Stat.
925 1643 1040 1676 Theb.
1066 1643 1136 1675 VII
1162 1644 1225 1675 129
1317 1644 1362 1675 24
1385 1652 1439 1685 sq.
1466 1641 1640 1685 ‘iungun—

112 1690 173 1720 tur
195 1687 342 1720 interim
367 1687 576 1720 schemata:
618 1687 815 1721 Sthenelus
846 1688 1165 1731 sciens'pugnae3
1206 1690 1264 1721 est
1290 1688 1387 1721 enim
1411 1686 1529 1720 se'itus
1554 1687 1640 1720 Sth:

113 1732 318 1775 pugnandi‘
345 1733 500 1774 Quintil.
526 1733 612 1766 inst.
637 1733 744 1766 VIIII
767 1735 789 1766 3

113 1870 244 1898 VARIA
261 1869 428 1897 LEGTIO.

115 1929 190 1963 ita:
226 1927 398 1963 ‘Puluere
427 1923 611 1976 conlines]
647 1927 684 1963 h.
715 1937 748 1963 e.
770 1932 1027 1974 procuratam
1057 1928 1287 1974 capillorum
1315 1928 1643 1977 pulchritudinem

113 1984 277 2030 puluere
295 1983 513 2030 inquinabis
532 1987 574 2019 ut
593 1988 651 2019 et:
681 1983 882 2020 “Foedare
901 1985 942 2020 in
956 1985 1123 2030 puluere
1143 1986 1294 2020 crines?
1349 1984 1562 2020 Praeterea
1582 1984 1644 2020 hic

118 2040 308 2076 Horatius
326 2040 409 2076 sine
428 2040 540 2076 dubio
558 2041 729 2076 imttatus
747 2044 804 2076 est
824 2040 1048 2083 Homerum,
1070 2041 1138 2087 qui
1155 2041 1291 2077 cecinit
1309 2040 1426 2077 Iliad
1447 2040 1487 2076 Γ
1501 2042 1547 2075 54
1562 2051 1643 2087 sq..-

115 2096 128 2118 ‘
139 2088 272 2132 Οὖκ”
243 2108 297 2131 αν
315 2107 376 2132 τοι
395 2093 564 2149 χραίσμῃ
591 2093 755 2161 κίθαρις
780 2090 829 2133 τά
848 2108 888 2133 τε
909 2089 1001 2147 δῶρ’
1021 2090 1281 2146 Ἀφροδίτης,
1309 2089 1337 2143 ἤ
1356 2108 1397 2133 τε
1417 2090 1520 2145 κόμη
1539 2092 1585 2133 τό
1602 2108 1644 2133 τε

116 2142 285 2199 filiios-‚⁹
261 2144 319 2188 στ’
343 2147 388 2188 ἐν
406 2151 562 2206 κονίῃσι
581 2144 765 2203 μιγείηςῖ
884 2154 1017 2190 οόΙὶιιθε
1039 2154 1107 2190 Ac.
1157 2154 1311 2190 collines
1332 2164 1362 2189 π
1476 2156 1517 2188 21
1549 2150 1642 2204 non]

115 2210 203 2246 Nam
222 2221 296 2246 non
321 2221 346 2258 y
390 2210 481 2246 Num
499 2221 526 2258 y
641 2210 850 2247 laertiadem
871 2209 908 2247 λι
953 2210 1130 2247 lertiaden
1151 2211 1224 2246 AF
1262 2210 1444 2247 lerciaden
1472 2210 1562 2258 yAc
1566 2222 1642 2256 ..pr

115 2266 290 2303 lartiaden
310 2278 330 2302 τ
365 2266 555 2303 lertiadem
574 2278 600 2303 u
687 2267 866 2304 excidium
884 2266 947 2316 γχ(
949 2263 1012 2316 6)y
1050 2265 1226 2314 (exitiales
1249 2263 1367 2317 [exicz
1387 2263 1511 2316 schl]
1534 2266 1644 2303 duces

117 2323 207 2359 Aer.
227 2327 264 2359 et
282 2323 390 2372 ,why
406 2325 431 2359 i.
450 2327 474 2359 t.
495 2322 615 2370 solui)
744 2327 788 2358 22
826 2323 950 2360 Gentis
979 2322 1184 2368 Aszgss
1195 2324 1343 2369 manet]
1397 2323 1502 2360 Genti
1534 2324 1645 2372 Fyux

118 2381 155 2426 [3
166 2380 315 2425 Blavia]
422 2380 551 2429 pilium
571 2381 697 2427 Awpr.
740 2380 876 2428 pelium
897 2381 956 2416 Fu
991 2380 1137 2429 peleum
1156 2391 1289 2416 πεονν.
1377 2383 1422 2415 24
1452 2381 1590 2416 Teucer
1609 2384 1646 2416 te

117 2436 305 2473 sthenelus
325 2435 460 2482 Alfius
470 2436 615 2480 Blamt]
624 2438 690 2474 Ac.
742 2437 880 2473 Teucer
900 2434 1078 2487 (Theucer
1097 2435 1131 2484 τ)
1153 2441 1190 2473 et
1210 2436 1399 2473 sthenelus
1427 2433 1603 2488 (stenelus
1624 2447 1646 2472 τ

119 2516 155 2560 [1
177 2516 326 2561 Bland.]
370 2516 533 2552 stelenus
566 2515 604 2564 y)
636 2516 718 2564 th
767 2517 906 2552 Teucer
939 2515 1174 2564 stenelusque
1208 2527 1234 2552 u
1284 2517 1423 2552 Teucer
1450 2507 1645 2552 stelenusq'

118 2582 149 2607 π
186 2572 398 2620 Teucerque
419 2577 456 2608 et
475 2572 662 2609 sthenelus
686 2584 745 2620 μω
767 2573 892 2608 Bentl.
1014 2575 1058 2608 25
1086 2573 1213 2621 Pugne
1232 2572 1283 2609 A1
1368 2573 1570 2609 merionem
1590 2571 1646 2619 λῳ

119 2629 319 2665 merionem
338 2641 363 2677 y
392 2630 558 2667 merione
573 2641 622 2665 vu
694 2632 737 2664 27
758 2629 890 2665 Nosses
909 2638 955 2665 πι
1031 2634 1135 2666 atrox
1154 2640 1261 2666 om.u
1337 2631 1382 2664 28
1402 2629 1547 2665 Tidides
1563 2629 1646 2677 Fyv

120 2684 258 2721 Titides
277 2697 303 2721 u
355 2685 537 2730 [Tydides
558 2686 706 2730 Βίαντά]
812 2686 856 2720 29
886 2696 1015 2722 ceruus
1046 2683 1088 2721 Ω.
1192 2687 1238 2721 30
1267 2687 1446 2722 inmemor
1473 2684 1525 2720 λπ
1540 2686 1646 2733 sch.y

119 2742 276 2778 imemor
294 2743 327 2778 A
425 2754 490 2778 uu.
513 2743 659 2778 33—36
678 2742 750 2778 del.
772 2741 927 2779 Peerlk.
948 2746 985 2778 ee
1003 2742 1196 2778 Linlcerus
1286 2744 1330 2778 33
1359 2742 1568 2793 Iracundass
1588 2741 1647 2778 Fi

205 2794 284 2834 illio
305 2803 340 2843 ψ
425 2801 469 2835 34
489 2799 632 2848 frygum
651 2798 690 2834 B
727 2798 863 2846 frigum
883 2798 967 2835 Fvu
1053 2799 1160 2835 clasis
1181 2811 1212 2846 φ
1297 2800 1341 2834 35
1371 2799 1517 2847 hyemes
1537 2810 1561 2847 γ

123 2854 168 2889 36
195 2851 428 2905 Pergameas]
457 2855 594 2893 illiaeas
623 2856 661 2891 F
703 2854 826 2892 iliacas
856 2856 938 2892 rell.
988 2856 1203 2904 Pergameas
1239 2855 1458 2892 Glareanus
1477 2859 1516 2891 et
1533 2856 1645 2892 editio
